3008 5158
494 689 497 696 t
582 623 878 704 nttntttatts
905 620 1218 702 PERSONAE.

808 835 989 860 „qo-...-

560 969 762 1037 OEDIPUS.

561 1091 769 1160 JOCASTA.

563 1217 731 1286 CREON.

562 1339 773 1408 TIRESIAS.

561 1464 746 1534 CHORUS
773 1461 1106 1532 THEBANORUM.

562 1589 740 1658 MANTO.

564 1713 724 1782 SENEX.

564 1834 780 1903 PHORBAS.

562 1957 777 2028 NUNTIUS.

768 2149 1056 2184 -α-ἆιῠῦ--τ-

707 2329 1108 2401 ARGUMENTUM.

369 2509 521 2582 Regnnnte
535 2496 644 2556 Thebis
662 2495 794 2573 OEdipo,
815 2494 971 2552 saevissima
986 2493 1132 2552 civitatem
1147 2494 1253 2554 invasit
1268 2497 1433 2576 pestilentia.

410 2599 538 2658 Mittitur
550 2599 659 2666 Creon,
678 2597 802 2650 Jocastae
817 2593 921 2660 frater,
944 2591 1118 2668 Delphicum
1134 2593 1278 2670 Apollinis
1294 2596 1433 2654 oraculum

410 2695 613 2764 consulturus,
631 2709 696 2768 quae
716 2691 774 2746 sint
798 2686 963 2744 adhibenda
984 2699 1071 2746 tantas
1093 2687 1170 2746 cladi
1191 2690 1330 2750 remedia.
1347 2697 1435 2764 Qunnt

411 2807 509 2854 autern
518 2789 715 2870 respondisset
728 2786 799 2844 deus
810 2805 867 2842 non
879 2787 960 2864 prins
969 2787 1054 2842 frnetn
1064 2787 1138 2863 pesti
1146 2786 1283 2862 futuram,
1291 2809 1376 2868 quarn
1386 2808 1436 2846 nex

410 2891 476 2951 Laii
490 2888 592 2948 exsilio
605 2883 802 2944 interfectoris
813 2883 902 2940 fuerit
911 2883 1036 2958 expiata,
1046 2883 1150 2959 quaerit
1161 2883 1296 2963 OEdipus
1308 2906 1325 2944 a
1336 2887 1437 2945 Tiresia

410 3002 492 3060 vate,
507 2999 540 3045 ut
552 3005 605 3065 per
620 2973 831 3041 divinationem
844 2978 961 3037 tandem
973 2979 1200 3057 exploret,'qnis
1212 2983 1314 3042 Laium
1327 2981 1437 3041 occide-

407 3087 456 3144 rit.
468 3082 595 3144 Tiresias
609 3080 707 3158 igitur,
723 3081 827 3134 Manto
843 3075 904 3132 filia
921 3075 1080 3134 caecitatem
1092 3096 1173 3134 suam
1185 3078 1354 3155 adjuvante,
1366 3091 1439 3157 post·

410 3203 498 3264 quam
513 3181 621 3239 frustra
634 3175 787 3252 extispicia
802 3192 954 3251 aggressus
972 3185 1029 3246 est,
1041 3172 1077 3232 ad
1092 3175 1216 3252 magicas
1230 3190 1308 3236 artes
1324 3196 1440 3236 conver-

410 3301 474 3352 sus,
486 3277 549 3338 Laii
563 3293 662 3334 manes
672 3284 788 3339 evocat,
799 3270 851 3349 qui
861 3269 1009 3348 OEdipnm
1019 3271 1114 3349 ipsum
1125 3272 1343 3332 interfectorem
1352 3275 1440 3333 deela-

408 3389 484 3435 rant.
494 3379 586 3447 Tum,
601 3389 634 3428 re
647 3367 808 3448 patefacta,
822 3364 872 3424 ubi
891 3365 1025 3444 OEdipus
1040 3386 1141 3426 manus
1155 3370 1233 3448 patri
1249 3390 1304 3428 suo
1317 3371 1441 3428 intulisse

410 3485 441 3531 et
455 3469 592 3548 conjugio
604 3485 661 3525 suae
675 3462 777 3522 matris
787 3463 845 3521 frui
855 3483 886 3520 se
898 3463 1048 3540 intelligit3
1064 3463 1144 3541 quod
1156 3465 1275 3542 quidem
1287 3468 1332 3526 illi
1340 3466 1442 3544 duplex

406 3569 499 3628 scelus
517 3567 575 3624 sata
590 3561 775 3633 indixerant,
795 3572 937 3638 concepta
957 3560 986 3617 in
1005 3560 1132 3639 seipsum
1153 3561 1250 3635 rabie,
1272 3565 1330 3624 sibi
1344 3565 1443 3624 effodit

410 3665 531 3739 oculos,
552 3676 583 3721 et
594 3661 623 3719 in
644 3659 778 3718 exsilium
793 3657 876 3736 fugit.
896 3662 1013 3715 Iocasta
1029 3671 1125 3716 autem
1140 3680 1171 3717 se
1186 3661 1322 3720 confodit
1342 3662 1443 3742 gladio.

409 3764 496 3846 (Vide
508 3763 545 3822 de
557 3779 733 3838 unaquaque
747 3778 886 3836 persona,
897 3777 963 3835 quae
974 3757 1079 3835 passim
1095 3760 1276 3832 notavimus,
1292 3775 1383 3839 prout
1396 3781 1442 3820 eu·

409 3863 516 3942 jusque
538 3878 644 3917 nomen
666 3877 696 3914 tn
717 3854 851 3914 dramate
872 3855 999 3912 occurrit
1017 3853 1189 3932 legentibus.
1204 3855 1251 3914 sic
1266 3857 1304 3915 de
1319 3863 1446 3920 Iocasta,

413 3981 456 4020 vs.
472 3960 523 4026 813
537 3955 574 4016 de
588 3960 730 4029 Creonte,
745 3973 786 4012 vs.
801 3953 871 4025 203;
886 3951 922 4010 de
937 3952 1065 4024 Tiresia,
1080 3973 1120 4010 vs.
1135 3954 1206 4028 289,
1220 3961 1288 4025 etc.)
