3058 5164
383 503 636 572 TROADES.
664 505 772 573 ACT.
799 507 870 576 111.
1084 514 1156 606 289

145 625 333 718 Torpctque
349 623 482 692 vinctus
498 621 621 718 frigido
638 625 773 720 sanguis
795 619 893 722 gelu.¹
973 609 978 618 ¹
1117 655 1155 695 ε..

144 755 194 802 un.
214 732 413 800 Intremuit:
431 733 509 820 hac,
525 732 587 802 hac
604 749 696 832 parte
708 737 887 828 quaerenda
905 753 955 808 est
973 740 1065 812 mihi.

143 845 282 911 Matrem
305 841 406 930 timor
423 841 571 912 detexit:
595 843 721 912 iterabo
743 860 878 916 metum.

116 953 118 958 ’
142 953 208 1034 lte,
230 951 294 1037 ite,
307 948 445 1037 celeres,
464 949 746 1022 fraudematerrra
764 955 914 1024 ab'ditum

143 1061 275 1128 Hostem
299 1058 429 1156 Pelasgi
450 1061 613 1148 nominis,
629 1077 754 1155 pestem
773 1061 941 1152 ultimam,

143 1168 352 1263 Ubicumque
369 1165 491 1254 latitat,
514 1185 643 1240 erutam
662 1171 697 1240 in
714 1171 858 1242 medium
877 1175 964 1245 date.
1114 1206 1154 1246 σε.

142 1281 225 1347 Bene
243 1293 292 1347 est
308 1304 315 1346 :
330 1293 485 1348 tenetur:
506 1304 627 1374 perge,
645 1281 779 1367 festina,
800 1282 939 1352 attrahe.

142 1386 229 1476 Quid
253 1388 404 1481 respicis,
422 1387 655 1484 trepidasque?
671 1390 739 1484 jam
761 1405 851 1460 certe
872 1393 967 1485 perit.

140 1519 241 1566 anon.
260 1498 398 1568 Utinam
416 1496 586 1568 timerem!
607 1497 725 1567 solitus
739 1523 779 1566 ex
800 1498 902 1594 longo
919 1518 969 1572 est
991 1520 1108 1574 metus.

141 1605 285 1675 Dediscit
306 1607 437 1676 animus
457 1631 531 1676 sero
550 1607 777 1702 quod·didicit
793 1608 863 1676 diu.

142 1737 193 1784 na.
214 1712 368 1784 Lustrale
391 1716 549 1808 quoniam
570 1716 717 1785 debiturn
738 1717 843 1784 muris
866 1741 952 1812 puer
1111 1743 1149 1784 aas

141 1826 273 1894 Sacrum
291 1825 487 1912 antecessit,
503 1851 563 1894 nec
582 1841 690 1919 potest
707 1840 813 1895 vatem
825 1829 927 1921 ,sequi

139 1931 275 2001 Meliore
293 1932 362 2005 sato
382 1948 510 2027 raptus,
528 1933 593 2002 hoc
610 1932 750 2004 Calchas
766 1936 812 2003 ait

137 2042 236 2112 Modo
258 2043 344 2136 piari
361 2068 456 2136 posse
473 2041 636 2114 redituras
654 2059 755 2130 rates,

44 2215 46 2220 .
140 2151 172 2220 Si
188 2149 297 2246 placet
318 2151 425 2220 undas
443 2155 594 2223 Hectoris
610 2155 715 2247 sparsi
731 2153 834 2239 cinis,

99 2410 152 2465 licet
171 2413 321 2468 audientem
338 2415 402 2488 quid
420 2417 491 2469 necis
513 2435 595 2489 genna
638 2413 673 2468 ad
693 2427 917 2479 monumentum,
939 2416 1042 2468 vultum
1058 2429 1146 2470 autem

98 2508 150 2544 neo
160 2494 308 2566 Astyanacti
321 2497 434 2550 victores
442 2509 574 2566 pararent.
638 2506 665 2548 et
675 2507 784 2566 pectora
798 2491 941 2566 pretendit
949 2491 1125 2550 venientibus.

133 2575 194 2626 teo.
209 2574 348 2640 Intremuit,
363 2573 396 2628 ad
405 2575 474 2629 hanc
494 2573 595 2628 timoris
679 2574 743 2628 633.
758 2574 856 2626 Utinam
868 2578 989 2626 timerem!
1000 2575 1059 2628 Jant
1073 2594 1145 2629 rece·

97 2665 189 2704 annm
204 2671 304 2725 ,marn
320 2655 376 2724 ipae
392 2673 441 2724 ego
456 2651 543 2724 injeci.
554 2685 594 2696 -
637 2653 679 2722 pit
699 2654 817 2716 aniruoa,
833 2653 967 2726 paulisper
990 2655 1144 2708 conturbata

96 2727 159 2796 Hae,
168 2731 298 2802 inoperta.
307 2731 369 2786 Haec
381 2747 454 2803 gestu
467 2731 593 2802 adjuran-
637 2732 767 2802 genitrix3
784 2745 810 2786 et
822 2743 927 2785 excusat
937 2744 1036 2785 metum
1045 2751 1061 2798 a
1070 2746 1144 2787 metu

96 2817 141 2872 tar,
153 2829 235 2880 quum
248 2810 339 2867 rideat
354 2813 460 2882 Ulyssea
474 2812 522 2864 ubi
537 2829 593 2865 ma·
637 2811 766 2864 diuturno
782 2811 945 2881 proiectum,
964 2829 1019 2864 non
1038 2831 1052 2864 a
1073 2815 1142 2882 justa

95 2896 129 2938 tet
140 2891 281 2960 sepissime
295 2893 385 2944 oculos
395 2892 522 2944 conterat.
637 2906 730 2952 caura3
745 2890 883 2959 inquiens,
904 2890 1007 2942 utinam
1022 2890 1088 2942 mihi
1101 2893 1142 2942 vi-

129 2970 192 3023 628.
209 2970 261 3033 Ite,
276 2973 317 3022 ite.
335 2971 399 3024 iiaec
412 2971 464 3024 alta
480 2969 545 3023 voce
557 2969 592 3023 ad
637 2981 709 3022 teret
722 2969 810 3032 fitius,
829 2978 950 3038 essetque
970 2967 1025 3020 veri
1039 2969 1142 3022 timoris

92 3061 145 3100 anca
157 3049 353 3120 Cephallenioa.
634 3048 725 3100 causa!

128 3125 188 3182 63⁰.
201 3129 231 3182 in
243 3129 345 3182 median
355 3129 421 3200 dcte.
433 3127 553 3180 Proferte
562 3127 590 3179 in
676 3127 742 3179 635.
753 3126 864 3178 Lustrale
872 3129 992 3197 qnoniam,
1000 3138 1052 3178 etc.
1062 3127 1138 3191 Quo·

92 3199 177 3260 lucem.
447 3247 453 3258 .
633 3207 704 3257 niam
720 3224 787 3276 puer
800 3217 886 3257 morte
898 3223 944 3258 aua
957 3205 1085 3274 prevenit
1100 3225 1154 3276 sag

128 3285 192 3340 631.
209 3289 275 3340 Bene
297 3299 340 3338 eat.
364 3285 454 3358 Fingit
476 3302 588 3356 puerum
633 3285 761 3340 orificium
775 3284 950 3354 expiatorinna
964 3282 1037 3355 quod
1056 3281 1138 3338 debe·

91 3359 218 3418 intentum
236 3367 270 3419 ab
294 3365 382 3436 aliquo
395 3385 409 3420 e
423 3365 476 3418 suis
493 3361 589 3416 abduci
635 3363 714 3417 hatur
724 3363 814 3427 nantia,
826 3381 909 3434 quum
924 3361 957 3416 de
973 3375 1046 3416 turre
1059 3363 1139 3416 luerit

90 3453 179 3514 atergo
192 3443 408 3510 Andromache,
419 3441 490 3516 quod
503 3443 547 3495 illa
558 3445 589 3496 ti·
633 3441 806 3514 deiiciendua.

90 3535 157 3574 uena
168 3524 280 3596 respicit
301 3522 415 3595 trepide,
432 3522 503 3576 unde
516 3522 587 3575 illam
673 3521 739 3575 636.
755 3521 841 3572 Vatem
860 3525 933 3592 sequi.
950 3521 1026 3574 Vatia
1043 3525 1142 3575 crocu-⁸

88 3597 164 3654 filiurn
179 3604 327 3658 occuluisse
339 3603 453 3673 coniicit.
461 3602 587 3655 Param-
631 3600 691 3652 lum
700 3611 726 3651 et
735 3600 822 3670 jussus
831 3598 986 3670 adimplere.

88 3679 193 3732 Arenae.
210 3683 279 3735 Eum
290 3682 442 3754 alloquitur,
452 3699 466 3734 a
477 3700 530 3752 quo
540 3681 589 3733 fin·
673 3678 738 3749 637.
755 3679 870 3742 Meliore,
890 3679 1009 3744 mitiore,
1022 3697 1100 3750 quarn
1115 3679 1137 3732 ai

89 3757 121 3824 git
133 3757 264 3814 detectam
280 3761 360 3814 lause
373 3761 536 3832 Astyanactis
549 3778 588 3813 se·
632 3757 666 3811 de
680 3771 753 3810 turre
765 3757 981 3828 precipitaretur.

86 3833 156 3890 dem:
171 3867 183 3888 ι
195 3839 230 3892 ad
247 3853 274 3894 te
288 3841 370 3894 traha.
380 3865 391 3887 ι
673 3839 740 3892 638.
756 3835 842 3900 Modo,
854 3835 1037 3892 solummodo.

121 3919 186 3972 632.
199 3921 272 3989 Quid
280 3923 397 3990 respicis?
409 3919 495 3971 Mater
509 3919 590 3980 enim,
674 3915 740 3984 639.
754 3916 842 3968 Placet
850 3915 935 3970 ander.
947 3917 1073 3988 AEquoria
1082 3917 1137 3986 pla·

83 4009 115 4046 ne
122 3999 303 4070 suspicionem
317 3997 436 4069 injiciat,
450 4009 494 4050 aut
508 3998 590 4063 torte,
632 3995 727 4048 nitiern
742 3994 1053 4050 substernat-Hectoris
1063 3998 1140 4065 sparsi

84 4084 111 4124 nt
123 4077 230 4148 objectu
247 4077 367 4150 corporis
380 4077 421 4132 sni
438 4077 512 4149 quasi
527 4095 590 4149 pro·
636 4078 704 4128 cino.
719 4075 769 4128 Per
779 4074 954 4146 hypallagen,
966 4091 1017 4143 pro
1031 4074 1143 4126 Hectoris

86 4163 149 4223 ttpt
163 4157 266 4210 ostium
281 4157 411 4228 sepulcri,
430 4168 502 4227 terga
514 4155 592 4209 habet
636 4173 732 4224 sparsus
744 4157 813 4206 cinis.

151 4258 205 4322 ΙΙ.
990 4273 1032 4342 ¹9
