3124 5162
376 547 722 620 IHJTATIONES
755 547 998 621 GALLICAE.
1145 550 1216 638 435

207 669 307 761 Quod
334 685 383 739 est
411 669 453 738 de
477 669 611 763 judiciis
641 691 742 765 super
766 671 831 740 hoe
855 685 971 742 nostru
994 675 1115 744 [utine
1137 700 1219 769 pro·

159 786 334 872 nuntiatis,
355 809 459 878 pauca
487 799 564 852 sunt
587 809 659 878 quae
675 786 838 880 possimus
859 785 978 855 dicere.
995 789 1063 858 Aut
1082 791 1217 884 Euripi-

159 899 233 968 dem
257 900 407 992 sequitur
426 903 565 983 Seneca,
586 911 619 966 et
635 913 715 967 tunc
736 899 846 968 videas
864 900 1080 994 Euripidem3
1101 919 1159 972 aut
1184 931 1218 974 se

159 1013 267 1106 ipsum
293 1013 528 1107 ingeniumque
555 1037 668 1098 suum,
692 1026 724 1080 et
744 1014 868 1098 runcis
885 1029 934 1082 est
949 1039 1048 1108 quem
1067 1020 1219 1111 apprime

155 1129 354 1222 jamdudum
377 1129 550 1214 novimus,
575 1127 608 1194 id
626 1141 689 1214 est,
713 1127 893 1221 aliquando
913 1154 990 1198 vere
1016 1132 1161 1226 tunginus
1185 1150 1219 1201 et

158 1242 326 1330 sublimis,
340 1241 520 1338 aliquando
530 1242 683 1326 diffusus,
699 1241 789 1311 locus
803 1243 942 1313 affectus
959 1243 1075 1338 plenos
1088 1263 1217 1316 assueta

157 1359 256 1426 nimis
275 1354 463 1450 prolixitate
488 1355 664 1426 debilitans
686 1373 719 1426 et
742 1381 916 1427 enervans.
943 1360 1218 1430 Nec'referem'us

157 1472 360 1540 acerbiorem
375 1470 437 1539 viri
453 1471 671 1565 summitati,
691 1466 858 1556 sternent,
877 1470 1070 1557 diatribam
1084 1499 1168 1568 quae,
1180 1489 1218 1543 ut

158 1609 226 1653 non
246 1609 376 1678 semper
394 1585 531 1677 equine,
550 1584 595 1652 ita
614 1577 714 1678 paulo
731 1584 874 1654 seuerior
890 1598 923 1652 et
942 1586 1104 1654 morosior
1122 1587 1219 1657 nohis

158 1707 227 1767 ess'e
242 1698 314 1768 visu
330 1712 388 1766 est.

205 1815 234 1881 E
247 1811 407 1906 tragoedia
418 1811 532 1906 magui
546 1807 734 1896 Corneilleq
748 1835 837 1880 enno
857 1808 946 1881 1635
961 1827 1051 1894 acta,
1066 1835 1141 1906 quae
1150 1815 1219 1906 jam

156 1926 242 1994 tanti
259 1926 321 1993 viri
343 1926 517 2019 ingenium
529 1924 569 1994 ad
585 1924 764 2019 grandinea
781 1949 858 1994 mox
878 1937 1116 2018 perventurum
1135 1943 1219 2020 plue-

157 2040 351 2126 nuntiabat‚
366 2037 451 2106 nihil
467 2037 635 2108 voluimus
651 2063 845 2132 excerpere,
869 2051 990 2132 praeter
1008 2035 1116 2108 locum
1133 2040 1220 2108 insi·-

156 2179 257 2250 gnem
273 2153 330 2248 qui
349 2151 499 2246 sequitur
514 2149 586 2244 (elz

155 2341 331 2402 Souverains
347 2343 527 2419 protecteu'rn'
546 2337 596 2396 des
609 2339 663 2396 lois
680 2337 717 2396 de
734 2338 913 2416 l’hyme'ne'e,

155 2441 252 2499 Dieux
269 2445 385 2517 gernum
402 2435 438 2494 de
452 2437 480 2493 la
495 2436 535 2493 roi
549 2455 605 2513 que
619 2441 707 2493 Jasou
725 2437 778 2492 m’a
794 2434 921 2508 donuee,

154 2540 234 2594 Vnus
245 2535 312 2614 qu'il
328 2535 387 2613 prit
400 2536 417 2591 ὲ
431 2532 538 2592 temoin
552 2532 639 2590 d'une
654 2531 825 2590 immorlelle
841 2531 960 2604 ardent,

154 2633 279 2708 Quand,
293 2651 347 2711 par
361 2651 398 2689 un
414 2631 482 2688 luux
497 2641 638 2700 serment,
653 2629 674 2686 il
691 2629 822 2706 vainquil
835 2646 880 2686 ma
897 2627 1025 2707 pudeur,

153 2735 253 2806 Voyez
269 2727 305 2786 de
319 2727 385 2806 quel
400 2725 506 2804 mepris
521 2743 592 2782 vuus
609 2726 693 2782 traite
706 2743 760 2782 son
777 2723 909 2802 perjure,

154 2829 193 2884 m
207 2823 326 2884 m'uidez
342 2825 358 2881 l
372 2841 480 2898 renger
493 2833 567 2880 cette
579 2839 730 2878 commune
744 2819 848 2896 injure.

154 2920 206 2981 s'il
226 2939 271 2978 me
285 2931 355 2998 peut
371 2914 555 2994 aujourd'hui
571 2915 687 2972 chasser
703 2914 920 2992 impuue'ment,

86 3065 89 3070 Δ
152 3022 237 3076 vous
251 3019 310 3074 etes
325 3035 390 3074 suns
405 3013 530 3093 pouvoir
544 3023 573 3069 et
586 3030 652 3068 sans
666 3010 874 3068 resseutiment.

195 3119 233 3174 Et
248 3134 335 3184 vous,
353 3126 457 3192 troupe
471 3123 587 3172 savante
601 3130 636 3167 eu
653 3110 749 3167 noires
762 3106 927 3180 barbaries,

154 3213 242 3271 Filles
256 3211 292 3268 de
308 3210 478 3279 l’Acheron,
494 3213 645 3287 Spectres,
664 3211 787 3277 Larves,
804 3205 917 3278 Punice,

153 3311 253 3370 eiures
266 3327 374 3377 soeurs,
387 3307 412 3364 si
424 3305 526 3382 jamnis
542 3316 624 3361 notre
640 3321 801 3360 commerce
816 3301 904 3360 eleoit

151 3411 214 3466 Sur
225 3423 297 3464 vous
312 3416 340 3462 et
354 3421 405 3460 vos
419 3413 551 3478 serpenls
567 3419 613 3457 me
632 3397 730 3456 donna
744 3397 870 3475 quelque
887 3398 986 3473 droit,

153 3506 256 3560 Sorlez
270 3499 306 3557 de
321 3518 374 3557 vos
387 3495 504 3556 cuchots
518 3505 589 3553 avec
603 3495 644 3552 lue
658 3495 764 3552 memes
778 3491 905 3552 flamines

153 3601 194 3657 m
208 3597 250 3654 les
265 3595 371 3652 memes
387 3601 546 3652 tourments
561 3589 633 3646 dont
646 3607 721 3646 vous
735 3589 823 3664 genez
837 3587 878 3644 les
894 3605 988 3656 umen

153 3693 327 3755 uisset-les
342 3689 468 3768 quelque
487 3701 581 3766 temps
599 3705 719 3766 reposer
734 3685 805 3743 dans
820 3685 860 3742 les
876 3685 948 3749 fers:

150 3799 233 3852 Pone
246 3789 341 3848 mieux
355 3785 416 3864 agir
429 3803 505 3864 pour
520 3783 577 3843 moi
592 3781 674 3842 laites
688 3783 767 3840 treve
781 3797 839 3838 aux
853 3781 955 3838 enlers.

153 3887 380 3968 Apportez-moi
393 3882 433 3942 du
446 3882 517 3941 lond
535 3881 585 3940 des
602 3893 697 3939 autres
715 3877 893 3937 decmbere.

151 3993 195 4048 1³
211 3997 289 4044 mort
306 3982 344 4042 de
362 3999 409 4040 mu
424 3980 514 4038 rivale
532 3993 561 4038 et
575 3980 646 4038 celle
664 3975 700 4036 de
718 3996 769 4034 son
784 3976 871 4053 pere3

187 4156 228 4224 (r)
246 4159 331 4204 smne.
343 4163 391 4202 m.
404 4155 430 4209 1,
447 4165 482 4198 ue.
500 4167 528 4209 ις
550 4147 689 4207 ΟοηοίὶΙε,
704 4157 750 4194 net.
760 4145 787 4206 1,
801 4161 836 4192 ιο.
847 4161 883 4192 ιν.

984 4237 1044 4306 28²
