3042 5190
4 321 5 384 l

4 385 5 430 l
374 413 378 420 ·
1133 409 1136 420 .

4 459 36 652 l·
360 505 407 574 ss
654 509 693 576 n.
721 506 898 575 annm
924 505 1134 576 sunnon

509 709 761 794 THESEUS,
786 709 1027 795 PHAEDRA,
1053 653 1274 791 Fluunt,

651 824 885 908 „NUTRIX
903 822 1116 892 thlttt

413 1054 510 1102 runs.
529 1035 560 1099 Ο
575 1031 663 1100 socia
685 1027 840 1116 thalami,
863 1030 985 1098 siccine
1001 1029 1178 1100 adventum
1198 1032 1282 1112 viri,

412 1145 455 1210 Et
472 1139 608 1233 expetiti
626 1139 777 1232 conjugis
795 1137 923 1208 vultum
945 1139 1091 1234 excipis?
1393 1162 1429 1200 κᾶε

408 1251 500 1341 Quin
519 1273 596 1319 ense
618 1247 731 1316 viduas
750 1248 940 1318 dexteram?
959 1263 1060 1342 atque
1076 1248 1225 1318 animum
1249 1249 1331 1317 mihi

412 1359 593 1428 Restituis?
610 1373 641 1428 et
661 1374 694 1426 te
712 1357 876 1452 quidquid
895 1385 913 1427 e
932 1359 1000 1428 vita
1022 1357 1117 1452 lugat

411 1469 611 1564 Expromis?
630 1493 689 1538 en.
714 1467 827 1552 Eheu,
847 1493 905 1562 per
923 1469 972 1537 tui
987 1483 1157 1562 sceptrum
1177 1467 1309 1562 imperii
1319 1523 1330 1554 ,

412 1581 626 1674 Magnanime
643 1579 793 1665 Theseu,
814 1603 940 1672 perque
957 1593 1112 1648 natorum
1131 1576 1295 1664 indolem,

413 1693 568 1782 Tuosque
589 1687 730 1775 reditus,
749 1709 873 1783 perque
888 1689 957 1781 jam
977 1689 1103 1762 cineres
1122 1712 1231 1775 meos,
1394 1713 1432 1764 ⁸⁷0

413 1799 572 1870 Permitte
589 1781 741 1867 mortem.
760 1821 857 1868 rues.
878 1802 986 1870 Causa
1003 1822 1078 1892 quae
1098 1798 1189 1892 cogit
1208 1797 1317 1866 mori?

418 1932 476 1978 en.
503 1909 537 1978 Si
557 1932 657 1976 causa
675 1905 732 1976 leti
752 1906 885 1992 dicitur,
905 1906 1035 1976 fructus
1054 1907 1149 2000 perit.

416 2041 514 2089 anas.
533 2022 641 2090 Nemo
658 2016 748 2086 istud
766 2015 871 2105 alius,
891 2041 944 2085 me
961 2015 1096 2110 quidem
1116 2030 1269 2111 excepto,
1287 2013 1411 2084 audiet.

418 2153 475 2198 ru.
498 2134 603 2198 Aures
625 2127 746 2223 pudica
767 2129 919 2222 conjugis
941 2125 1026 2196 solas
1044 2126 1149 2196 timet.

369 2311 498 2370 apparatu
526 2296 705 2351 nuntiandum
741 2299 877 2352 celebreti-
922 2297 1018 2363 Suam,
1043 2283 1096 2350 hoe
1121 2308 1292 2370 argrtmeuto,
1317 2295 1436 2366 regina,

373 2377 492 2448 dumque
503 2377 628 2447 jubentis.
922 2375 1145 2448 quemadmodum
1157 2380 1208 2437 τοῖς
1218 2395 1264 2446 per
1276 2387 1386 2428 natorum
1398 2382 1436 2429 in-

412 2453 531 2508 *Natrie
546 2459 629 2510 tacita.
650 2455 792 2510 Personam
810 2456 880 2510 hano
923 2457 1128 2520 dilemmatus,
1142 2459 1190 2517 τοῖς
1203 2474 1253 2528 per
1267 2467 1319 2508 taos
1330 2457 1437 2523 reditio,

372 2538 399 2588 in
410 2553 486 2588 scena
497 2533 646 2587 addendam
657 2547 746 2588 monet
756 2547 826 2588 recte
835 2535 881 2588 Ba·
923 2537 1022 2598 nxoris,
1034 2539 1083 2597 τοῖς
1091 2534 1198 2595 demum
1210 2554 1258 2606 per
1268 2539 1356 2587 cineres
1365 2556 1438 2602 meos,

373 2613 483 2678 deuius,
496 2633 528 2666 ex
540 2633 606 2666 voce
620 2614 729 2678 Thesei,
745 2634 784 2668 ve.
802 2616 878 2670 882:
925 2634 1045 2687 personae
1061 2616 1191 2687 proprio,
1209 2615 1363 2686 dignitatem
1380 2617 1438 2670 vult

375 2694 516 2746 «Verbere
529 2713 559 2746 ac
572 2693 665 2747 vinclis
675 2713 740 2746 artus
748 2734 756 2759 ,
765 2707 815 2748 eto.
827 2721 838 2741 ι
925 2696 1034 2749 causari.

414 2775 472 2825 Act.
486 2775 540 2837 111,
549 2793 585 2826 sc.
598 2792 631 2826 n.
645 2773 763 2827 Primum
777 2773 883 2827 simulat
968 2777 1032 2844 870.
1047 2776 1104 2827 Jam
1119 2775 1438 2827 communicaturo

375 2851 484 2906 Phaedre
497 2854 566 2906 mori
583 2871 611 2907 ae
626 2853 718 2918 melle,
733 2872 815 2925 quarn
830 2854 882 2906 vim
927 2853 1093 2908 destinatam.
1103 2853 1256 2907 Notandum
1269 2865 1355 2907 autem
1369 2852 1437 2907 illud

374 2932 424 2984 sibi
445 2933 543 2987 illatam
562 2933 680 2986 revelare
695 2933 818 2998 Theaeo;
839 2933 882 2986 cui
922 2936 990 3004 jam,
1005 2953 1059 2987 non
1078 2932 1247 2987 referendum
1267 2951 1321 2986 esse
1336 2932 1371 2986 ed
1383 2954 1439 3004 per-

375 3009 487 3076 deinde,
498 3033 580 3086 quum
595 3014 692 3067 nutrici
704 3015 848 3067 cruciatum
863 3013 884 3066 ie
928 3017 1007 3080 mitte,
1020 3013 1065 3066 sed
1077 3013 1111 3068 ad
1127 3014 1208 3067 totius
1218 3013 1354 3067 sententia
1363 3032 1439 3066 sum·

376 3091 523 3157 minitetur,
539 3092 655 3146 ostendit
667 3091 794 3163 gladium,
804 3112 885 3164 quem
930 3111 998 3146 mem
1009 3112 1017 3159 ;
1028 3092 1057 3146 id
1070 3105 1124 3158 est,
1136 3112 1185 3164 per
1194 3093 1254 3146 illos
1268 3092 1315 3163 qui
1321 3095 1376 3163 jam
1387 3095 1440 3148 soli

377 3171 537 3242 Hippolytus
550 3173 681 3244 abjectum
693 3172 841 3243 reliquerat
929 3170 963 3226 de
977 3191 1019 3226 me
1028 3173 1165 3226 restabunt
1174 3173 1283 3225 cineres.

421 3250 487 3303 865.
501 3253 622 3322 Experiri,
638 3251 778 3322 expetendi
787 3263 866 3307 certe.
971 3251 1229 3324 872.Fructus,quem
1237 3248 1353 3304 meditor
1362 3271 1441 3306 even·

420 3331 486 3383 866.
499 3333 575 3400 Quin,
584 3331 887 3386 curcumvertiteutem
931 3344 1020 3384 turum
1034 3345 1143 3386 emorte
1154 3349 1221 3385 mea.
1231 3329 1393 3395 Scilicet,ut
1402 3333 1441 3386 ait

381 3408 489 3478 gallicus
507 3411 620 3482 interpr.
637 3411 711 3482 quasi
727 3423 807 3477 esset,
819 3412 886 3485 qaid.
932 3411 1090 3477 Femabiue,
1103 3413 1173 3465 mori
1185 3429 1212 3464 se
1226 3410 1294 3464 velle
1302 3409 1395 3480 fingit,
1406 3431 1441 3466 ne

380 3488 493 3540 -Ensc
511 3489 599 3542 erilem
620 3489 749 3544 metemur.
768 3491 888 3562 Deponis
932 3492 1124 3563 Hippolytum,
1150 3505 1274 3561 tanquam
1299 3487 1442 3545 dedecoris

380 3583 478 3620 ensem.
499 3568 561 3620 Seil.
579 3589 639 3640 sup.
649 3588 687 3624 ve.
698 3572 771 3640 730,
783 3569 888 3626 dixerat
931 3571 970 3624 sui
985 3589 1069 3636 reum,
1081 3557 1152 3642 epod
1167 3583 1269 3642 patrem
1283 3582 1356 3640 eget:
1372 3589 1441 3624 neve

380 3645 485 3700 nutrix:
497 3673 508 3696 ι
519 3647 616 3720 pignus
626 3661 745 3703 tenemus
752 3651 882 3706 sceleris.»
930 3651 990 3723 quis
1001 3652 1073 3706 sciat.

421 3727 488 3796 867.
500 3729 613 3780 Animum
626 3730 683 3782 mitt
697 3733 809 3783 restituis.
822 3731 887 3784 Ani-
971 3730 1037 3801 873.
1053 3729 1138 3794 Istud,
1149 3727 1222 3802 quod
1237 3741 1266 3782 tu
1278 3727 1358 3782 dices.

381 3821 455 3856 mum
464 3822 551 3858 meum
560 3809 886 3878 pruanxietetelabantem
972 3805 1443 3880 874.Pudica,geirereliterdicmm,

379 3884 498 3937 sueones.
931 3890 986 3944 scil.
1001 3909 1068 3942 uxor
1081 3890 1221 3962 quelibet,
1231 3905 1323 3941 amens
1335 3885 1445 3959 pudici-

420 3964 485 4019 868.
500 3964 645 4035 Expromis,
659 3985 771 4022 enarras.
784 3967 886 4022 Eodem
931 3969 983 4023 tire.
999 4000 1038 4013 -
1053 3973 1134 4023 Arm
1154 3971 1261 4040 conjugis
1278 3968 1343 4020 solas
1365 3971 1443 4020 timet.

378 4059 469 4108 sensu,
481 4061 535 4115 quo
549 4064 606 4118 sup.
619 4048 687 4101 8⁵1.
931 4049 1002 4102 Ante
1023 4049 1086 4102 soles
1101 4051 1201 4120 placeat
1223 4048 1365 4118 supplere,
1383 4048 1427 4098 ee!
1434 4085 1443 4108 ,

418 4125 482 4192 8⁶9.
496 4144 537 4196 ιφ
547 4126 598 4178 Per
610 4130 775 4197 trrisceptrum
786 4131 886 4200 imperii.
931 4135 1019 4196 etrum,
1034 4143 1062 4182 ut
1077 4148 1167 4184 sensus
1181 4130 1229 4194 sit,
1245 4127 1357 4196 ·Quum
1374 4125 1447 4180 dicis
