3116 5172
328 487 401 573 534
692 491 1034 560 intrusiones

328 635 467 706 genere;
482 635 591 706 neque
606 612 706 682 etiarn
722 637 897 707 possumus
914 637 981 681 uon
1000 612 1189 680 existimare
1205 611 1308 682 alium
1324 637 1400 684 esse

326 729 497 812 Senecam,
505 727 563 819 qui
572 739 606 796 et
614 724 834 822 Hippolytum
847 726 1045 820 conscripsit
1055 725 1280 820 etThyestem,
1290 726 1394 796 alium

326 841 384 934 qui
402 840 436 908 in
453 847 703 936 Agamemnone
720 839 883 936 ampullas
905 865 1011 910 meras
1030 837 1260 934 deformesque
1276 843 1394 936 putida

328 956 582 1052 exaggeratione
598 955 778 1025 sententias
799 969 833 1026 et
842 955 1048 1024 narrationes
1062 953 1188 1024 soedum
1203 957 1237 1024 in
1256 956 1394 1026 modum

327 1070 422 1165 quasi
446 1070 621 1165 congessit.
640 1069 737 1140 Absit
757 1083 796 1138 ut
816 1094 900 1164 opus
915 1067 980 1138 tale
1000 1068 1169 1164 tragtediae
1185 1068 1284 1139 titulo
1298 1069 1396 1140 deco·

327 1198 437 1272 retur;
458 1200 492 1255 et
508 1174 717 1254 ¹credendum
735 1198 784 1254 est
801 1185 912 1278 potius
930 1185 965 1252 in
985 1183 1035 1252 his
1053 1182 1234 1278 prolusisse
1252 1185 1394 1254 tironem

327 1300 535 1394 quempiam,
552 1299 612 1370 aevi
635 1300 827 1370 recentioris
847 1299 1059 1394 scriptorem,
1085 1297 1237 1368 imitandi
1262 1302 1395 1370 senece

327 1424 388 1484 aut
402 1415 529 1484 Lucani
541 1411 736 1508 juveniliter
754 1409 933 1510 cupidum!

375 1531 424 1600 Ut
452 1529 496 1599 ad
515 1532 689 1600 Nostrates
716 1544 944 1615 transeamus,
972 1528 1228 1598 vetustissimam
1249 1530 1395 1624 Agame·

273 1668 279 1678 ·
327 1645 462 1714 mnonis
482 1644 680 1740 tragoediam
696 1643 814 1740 gallice
833 1645 992 1740 scriptam
1014 1643 1147 1714 exhibet
1168 1643 1287 1712 decimi
1313 1646 1394 1714 sexti

328 1757 439 1828 saculi
454 1757 547 1848 linis,
566 1775 702 1828 auctore
719 1757 867 1830 uotand
879 1763 1008 1830 Brirset
1022 1757 1283 1854 Turonensi(1).
1302 1758 1394 1828 Lati·

328 1897 411 1944 num
427 1887 598 1944 auctorem
618 1870 706 1944 fidus
726 1873 883 1969 quidem,
902 1873 959 1944 sed
975 1873 1113 1942 omnino
1131 1870 1264 1942 decolor
1286 1887 1321 1942 et
1338 1873 1395 1942 ob·

329 1987 452 2060 soletus
466 1989 631 2084 interpres
649 1989 811 2085 sequitur.
826 1993 844 2059 J
848 1988 959 2059 udicet
976 1987 1080 2059 lector
1101 1971 1142 2059 ex
1161 1989 1199 2058 iis
1214 2013 1288 2084 quae
1306 1987 1396 2084 apud

332 2100 426 2174 illum
443 2105 630 2178 cassandra
651 2106 721 2174 ait:

447 2258 534 2333 Aqui
548 2255 681 2332 orsay-je
694 2254 784 2314 lolls?
799 2256 816 2314 a
829 2252 882 2332 qui
897 2252 999 2330 ray-je
1009 2252 1222 2333 oourante(a)?

446 2357 520 2414 Ores
531 2357 628 2430 Troye
642 2364 687 2412 est
704 2355 720 2410 a
734 2350 797 2412 bas.
813 2355 878 2425 Que
893 2350 985 2429 fay-je
1001 2350 1159 2412 deoevaute

445 2451 484 2510 Et
499 2461 648 2509 menteuse
662 2447 828 2528 prophete?
842 2452 882 2506 ob
894 2447 1015 2526 suis-je?
1028 2451 1065 2506 ou
1082 2448 1138 2506 luit
1150 2448 1178 2506 le
1191 2448 1282 2526 jour?

445 2547 550 2620 Quelle
565 2544 691 2604 obscure
705 2565 857 2620 espesseur
874 2543 1023 2604 embrunit
1040 2565 1073 2602 ee
1090 2545 1212 2622 sejour?

447 2641 524 2699 Mais
538 2635 608 2699 d’un
625 2641 708 2700 soleil
722 2636 842 2718 jumeuu
859 2641 888 2700 la
903 2641 992 2699 elarte
1006 2661 1037 2698 se
1052 2640 1214 2714 redouble,

443 2739 482 2798 Et
497 2737 668 2796 rehausssnt
683 2753 728 2796 ses
742 2753 822 2796 murs
837 2742 932 2816 Argos
946 2757 977 2796 se
992 2751 1107 2796 mentre
1121 2735 1240 2797 double.

444 2841 480 2896 le
494 2836 557 2895 vois
571 2836 612 2895 les
626 2835 691 2896 bois
706 2834 776 2896 Idea
790 2848 820 2894 et
836 2836 863 2894 le
882 2844 1001 2914 pasteur
1017 2835 1086 2894 latal

449 2937 538 2992 Entre
556 2933 596 2992 lea
611 2933 683 2992 trois
699 2930 819 2992 beatum
834 2930 978 2992 arbitret
992 2945 1092 2992 nostre
1108 2931 1184 2992 mal:

448 3035 483 3088 le
499 3051 570 3088 vous
584 3029 725 3106 adrerty,
739 3028 816 3102 rois,
831 3041 908 3088 ceste
923 3049 990 3088 race
1005 3041 1129 3088 secrette

384 3191 387 3198 ¹
449 3128 489 3184 Ce
506 3127 676 3186 nonrrisson
690 3125 742 3184 des
755 3123 820 3183 bois
837 3123 924 3183 d'une
940 3143 1044 3184 amour
1061 3125 1230 3184 indiscrette

450 3223 510 3279 Ru'
522 3241 554 3280 ra
573 3221 626 3280 bas
642 3235 702 3280 cest
717 3233 813 3280 estat:
829 3240 943 3279 comme
959 3235 1036 3280 ceste
1054 3221 1157 3299 putain

449 3323 538 3378 Arne
555 3317 624 3376 d'un
641 3315 784 3397 poignard
800 3320 861 3375 nud
876 3333 907 3375 sa
922 3316 1046 3377 delicate
1060 3316 1148 3377 main.

449 3424 472 3476 Δ
488 3415 540 3494 qui
555 3425 653 3477 est-ee
667 3411 752 3494 qn'en
765 3425 837 3473 veut
849 3426 927 3473 ceste
942 3417 1046 3474 lemme
1060 3417 1189 3486 Lacone,

449 3514 556 3572 Armee
570 3515 586 3572 i
602 3513 630 3572 lu
647 3513 732 3589 sapon
744 3511 833 3571 sl'une
848 3511 1073 3572 amazoniennel

448 3597 523 3668 blais
535 3609 604 3688 quel
617 3610 758 3668 lantosrue
774 3610 842 3668 vain
855 3629 886 3670 se
899 3611 1035 3688 pre'sente
1049 3612 1066 3668 b
1082 3627 1143 3668 mes
1157 3611 1254 3686 yeux?

448 3711 489 3768 te
507 3708 672 3786 marmariq’
682 3691 749 3784 lyon
761 3705 839 3783 jadis
854 3706 1013 3766 victoricus
1053 3740 1056 3748 ·

365 3871 404 3933 (ι)
423 3871 536 3933 Impress.
546 3867 701 3926 Tacentibus,
715 3873 859 3930 anu.1590.

365 3967 405 4033 (a)
423 3968 466 4014 Vs.
482 3966 532 4027 ἠύ
547 3978 602 4028 sqq.
621 3965 677 4010 Jstn
687 3963 759 4022 Trois
771 3963 867 4012 cecidlt.
878 3963 945 4010 Falso
955 3961 1016 4026 quid
1030 3971 1096 4010 sutas
1109 3957 1176 4024 ago?

624 4051 674 4098 llbl
688 4052 757 4097 suns?
768 4052 830 4114 fagit
839 4051 882 4100 lux
890 4051 964 4108 dura.
979 4061 1004 4100 et
1014 4049 1126 4099 obscurat
1137 4062 1210 4114 genus

623 4139 681 4187 Nox
691 4139 750 4196 alta,
764 4148 811 4187 etc.
