3124 5162
366 540 435 624 dra
658 541 699 620 L,
724 541 898 612 ANNAEI
923 539 1129 612 SENECAE

410 663 552 732 Exseotn
570 661 653 730 viva
670 663 795 732 viscera
811 689 819 734 :
838 663 909 733 baeo
927 663 1089 734 scelerum
1107 662 1227 733 artifex

413 771 565 842 Discreta
585 773 705 866 ponit:
726 773 779 841 bis
800 797 904 868 rapax
922 775 974 844 vis
995 775 1139 870 ignium,

413 879 473 948 His
491 879 598 974 gelida
618 881 706 976 pigri
724 881 858 977 frigoris
876 883 997 977 glacies
1016 886 1112 953 inest.
1215 946 1222 968 ,

413 985 517 1057 Addit
534 988 670 1058 venenis
688 989 808 1078 verba,
830 1017 898 1061 non
916 991 986 1063 istis
1005 995 1115 1062 minus

415 1097 606 1168 Metuenda.
622 1101 743 1170 Sonuit
759 1125 834 1171 ecce
851 1127 973 1172 vesano
994 1101 1121 1198 gradu,

419 1208 585 1303 Canitque
604 1209 778 1280 :mundus
795 1213 932 1282 vocibus
949 1213 1065 1308 primia
1083 1213 1204 1282 tremit.

802 1415 998 1487 Manae.

417 1621 620 1715 Compreeor
640 1619 760 1716 vulgus
778 1621 951 1709 silentum,
969 1591 1230 1718 vosgue'leralea
1243 1622 1353 1707 Deos,
1390 1649 1434 1698 ‚a

352 1765 468 1834 'arian
479 1797 584 1832 omen..
598 1777 683 1842 aare,
702 1779 879 1846 mascaron,
962 1779 1029 1852 7³6·
1041 1779 1236 1851 naufragam.
1256 1778 1326 1832 rum
1342 1775 1437 1832 ream

373 1871 400 1912 et
415 1859 471 1929 ipae
480 1857 596 1911 volneris
608 1857 722 1923 iuuenta,
734 1876 792 1931 quae
807 1859 841 1912 eit
853 1872 879 1913 et
922 1859 1004 1932 l'rigua
1015 1872 1166 1931 torpenter,
1180 1857 1242 1929 quie
1255 1869 1283 1910 ut
1297 1856 1364 1911 dicit
1377 1857 1436 1910 Xe·

375 1937 475 2009 qualia,
486 1957 541 1991 nou
552 1937 611 1990 eatia
622 1950 724 1991 notum.
734 1939 803 1990 liob.
814 1938 882 1991 Cou-
921 1943 1042 2012 aopboo,
1053 1961 1064 1985 ι
1074 1939 1156 2010 abigit
1166 1949 1194 1991 et
1207 1935 1316 1992 deducit
1326 1937 1436 2008 ingeni-

373 2017 502 2070 atantinus
523 2018 550 2071 in
570 2017 762 2088 supplemento
784 2017 880 2089 lingum
922 2032 978 2073 tum
1001 2019 1115 2072 calorem
1135 2015 1169 2070 ed
1187 2017 1288 2090 penitae
1311 2017 1436 2088 eorporis

372 2093 460 2172 letinae
483 2094 603 2150 eamdem
620 2109 695 2168 putat
710 2116 771 2150 eum
784 2097 880 2168 Capri·
922 2112 1037 2172 partea-
1052 2099 1086 2152 Et
1099 2097 1182 2167 frigo·
1196 2093 1246 2158 (nt
1259 2096 1348 2168 inquit
1360 2095 1435 2148 Cou-

376 2177 466 2249 mulgo
479 2171 548 2248 (qua
559 2178 687 2247 nigellata<
704 2177 839 2230 Aristoteli
855 2189 881 2229 et
922 2191 1028 2232 torenna
1043 2176 1077 2230 de
1089 2178 1175 2230 Elem.
1189 2175 1238 2230 lib.
1252 2173 1305 2242 111)
1321 2194 1436 2246 congre·

376 2245 503 2324 AElianol,
509 2256 631 2312 coloreet
640 2255 821 2328 magnitudine
827 2274 881 2308 uon
923 2270 968 2329 gat
983 2271 1036 2311 tarn
1047 2259 1227 2326 homogeoea,
1239 2273 1318 2326 qoam
1328 2255 1436 2308 betero-

378 2333 525 2388 absimilem
539 2337 635 2390 cuculo
646 2337 797 2406 resupinam
809 2333 884 2406 pedi·
923 2356 1022 2408 geuea,
1053 2336 1237 2406 constipatque
1269 2335 1378 2398 omnia,
1409 2347 1436 2386 et

376 2415 479 2486 busque
494 2415 627 2468 conversis
640 2415 669 2467 in
682 2415 764 2468 altum
778 2415 880 2469 volare:
924 2414 1136 2488 unumquodque
1159 2413 1249 2468 reddit
1266 2431 1312 2466 aua
1339 2427 1435 2466 nature

378 2493 477 2548 Gracia
491 2494 544 2564 ςρίξ
557 2507 584 2546 et
596 2495 751 2565 alpguwel
764 2487 883 2565 aepgvnlr.
925 2495 1075 2560 immobile,
1106 2512 1137 2548 ao
1174 2493 1257 2546 veluti
1286 2507 1434 2546 mortuum.

377 2571 886 2640 SiodeeoribiturabOuidio,Fant.Vl,
924 2575 1030 2628 Etenim
1050 2575 1117 2628 eicut
1138 2587 1225 2626 motus
1243 2570 1374 2626 iudicium
1395 2586 1435 2624 eet

383 2651 434 2706 133
451 2668 509 2723 eqq.
533 2650 664 2705 «Grande
679 2665 773 2723 caput,
788 2665 883 2707 stanter
926 2655 1002 2719 vita,
1013 2655 1049 2706 ita
1060 2653 1232 2706 immobilitas
1245 2651 1339 2706 mortio
1350 2664 1378 2702 et
1395 2653 1437 2704 in·

377 2730 463 2794 ocuti,
475 2743 558 2783 roatra
570 2743 631 2802 apta
643 2732 756 2802 rapinam
768 2731 885 2786 Canities
925 2735 1026 2788 teritus.
1037 2732 1102 2786 Ideo
1114 2733 1186 2786 calor
1200 2731 1311 2785 collatur
1321 2731 1435 2800 frigori,

377 2809 885 2882 pennie,uuguibuebamuainestNo·
925 2815 1055 2867 rationem
1075 2811 1156 2866 babet
1175 2824 1278 2866 nature
1303 2823 1331 2864 et
1353 2809 1435 2862 vite:

266 2902 271 2913 ·
377 2889 533 2957 oterolant,
548 2907 697 2960 puerosque
716 2902 810 2962 petunt
833 2908 883 2944 nu·
925 2891 1007 2964 leigun
1025 2909 1105 2957 vero,
1130 2891 1263 2966 inperitae.
1289 2878 1360 2944 Sunt
1383 2891 1435 2942 alia

377 2968 449 3024 tricia
459 2981 578 3039 egentes,
591 2971 625 3022 Et
637 2969 730 3024 vitient
742 2971 817 3024 cunin
827 2989 885 3024 cor·
925 2985 1052 3043 praeterea
1064 2971 1147 3024 multa
1161 2970 1270 3040 frigoris
1283 2969 1435 3022 incommo-

378 3068 444 3118 pora
457 3060 531 3120 rapta
550 3046 612 3102 auia.
629 3047 742 3122 Carpere
758 3048 884 3102 dicuntur
924 3049 958 3104 de
968 3091 977 3116 ,
986 3068 1045 3123 quae
1062 3049 1144 3104 refert
1158 3049 1267 3103 Cornel.
1279 3047 1386 3111 Celsae,
1400 3047 1436 3100 de

376 3127 498 3182 lactentia
507 3128 718 3194 vieoerarottria,
729 3130 763 3182 Et
772 3129 882 3201 plenum
924 3127 997 3184 Med.
1010 3129 1056 3183 lib.
1068 3128 1097 3192 I,
1108 3147 1166 3200 rap.
1176 3147 1206 3192 a,
1221 3126 1293 3181 uode
1308 3128 1340 3180 ur
1350 3139 1382 3180 ut
1390 3127 1436 3180 fri·

377 3217 441 3278 poto
458 3207 584 3278 sauguine
602 3220 697 3278 guttur
715 3205 821 3260 habeut.
837 3209 884 3260 Eat
923 3208 1002 3280 gidus
1015 3227 1065 3279 pro
1079 3207 1163 3262 noxio
1176 3220 1305 3279 ponetur,
1319 3219 1350 3260 nt
1365 3207 1436 3260 aoei-

377 3285 429 3340 illie
442 3286 567 3357 etrigibua
578 3305 676 3340 nomen
691 3307 697 3338 :
711 3285 757 3340 aed
767 3283 883 3340 neminie
923 3285 964 3359 pit
973 3287 1080 3342 Servius
1090 3285 1158 3341 illud
1167 3287 1286 3358 Virgilii,
1296 3286 1436 3348 actvm,

377 3365 457 3436 hujus
469 3365 569 3429 Caum,
591 3361 663 3436 quod
675 3363 808 3420 horrenda
823 3363 882 3419 atri·
925 3381 958 3438 71
972 3389 979 3419 ε
1000 3393 1012 3416 ι
1026 3365 1148 3438 Frigidae
1162 3366 1190 3420 in
1205 3365 1290 3438 pretia
1302 3363 1436 3420 cautando

377 3443 441 3499 dere
458 3457 535 3498 nocte
548 3445 642 3498 uolent.
654 3471 666 3494 ι
682 3445 736 3498 atii
753 3457 882 3500 venenate
922 3447 1057 3518 rumpitur
1071 3445 1193 3518 angula.»

377 3543 423 3578 ana
439 3523 521 3578 ubera
535 3523 680 3578 infantibne
693 3525 811 3595 prebere
827 3524 881 3578 exi·
964 3527 1029 3596 7³8.
1046 3525 1178 3598 Cenitque,
1189 3524 1437 3595 inmutatiooeaqnu

377 3605 586 3674 stimant,etqne
604 3603 639 3656 ita
654 3604 784 3675 perimere
794 3601 882 3676 speeie
923 3605 1052 3675 concipit.

378 3680 490 3754 pictatia.
511 3681 652 3738 Sereana:
680 3684 834 3738 «Praeterea
857 3683 880 3736 ei
963 3683 1089 3748 ΜΝ,
1104 3701 1140 3738 eo.
1155 3701 1188 3738 rt.
1203 3683 1337 3738 luvooatia
1349 3682 1439 3734 blani-

377 3763 448 3815 lorte
461 3762 559 3831 premit
570 3761 634 3816 atrix
645 3775 700 3816 atra
711 3763 814 3832 puellos
822 3763 880 3828 ,vi-
923 3765 974 3818 bue
990 3777 1015 3817 et
1030 3763 1081 3816 rite
1096 3763 1232 3834 conceptio
1247 3761 1439 3816 incantationi-

376 3859 436 3896 roae
446 3841 605 3911 immulgere
617 3841 726 3894 exaertia
746 3843 826 3896 ubere
843 3842 880 3895 la·
923 3843 989 3909 bue,
1004 3842 1100 3898 Medea
1115 3837 1251 3896 veneficiis
1266 3841 1363 3895 illitam
1379 3842 1442 3912 pal·

375 3921 440 3975 brie.
452 3944 464 3967 ι
926 3922 979 3976 lam
992 3940 1054 3976 oum
1064 3922 1167 3987 monili,
1178 3940 1312 3992 numaque
1324 3919 1441 3977 crinali·

417 4000 486 4070 734.
497 3999 612 4050 Eurota.
627 3996 709 4063 Quod
730 3999 756 4052 in
775 4001 882 4073 magieis
927 3999 999 4054 dono
1014 4001 1096 4055 mittit
1112 4001 1146 4056 ad
1159 3999 1287 4056 crearem
1304 4017 1355 4070 per
1368 3999 1443 4052 filios

374 4079 479 4136 rituale.
496 4077 605 4148 Thyest-
621 4075 687 4146 763.
924 4099 993 4136 auoa.

418 4158 484 4230 735.
502 4159 620 4210 Discreto-
632 4156 745 4212 Seuraim
758 4159 879 4228 seposta.
965 4168 1031 4230 740.
1049 4161 1200 4232 Compreeor,
1215 4173 1264 4213 etr.
1278 4155 1441 4212 Furibunda
