3124 5162
352 497 422 584 432
648 502 687 567 L.
714 500 893 574 ANNAEI
918 501 1127 574 SENECAE

397 619 563 714 Relinque
584 633 715 690 matres.
738 644 808 694 rus.
827 623 925 692 Unus
940 637 990 692 est
1006 648 1110 718 poeuae
1128 606 1224 698 satis.¹

399 755 486 802 unu.
507 731 543 801 Si
562 743 673 823 posset
695 753 762 800 uua
783 729 871 799 caede
896 731 1009 800 satiari
1030 759 1161 821 manus,

395 840 535 914 Nullam
551 839 686 933 petisset
702 864 711 908 ε
730 853 768 910 ut
786 839 871 908 duos
892 841 1054 934 perimam
1068 858 1203 934 tomen,
1243 872 1247 882 ·
1364 887 1413 916 μω

390 951 542 1022 Nimium
564 964 615 1018 est
633 945 740 1016 dolori
762 973 922 1018 numerus
944 968 1107 1046 angustus
1128 979 1217 1025 mco.

393 1064 434 1130 lu
455 1073 561 1128 matre
579 1059 604 1125 si
623 1056 715 1150 quod
734 1058 855 1152 pignus
874 1060 1058 1130 etiamnum
1082 1060 1179 1152 latet,

393 1169 575 1240 scrutabor
593 1191 669 1236 euse
686 1168 826 1252 viscera,
846 1181 880 1238 et
900 1167 988 1238 lerro
1007 1173 1191 1253 extraham.

392 1304 464 1351 Jns.
480 1281 556 1346 Jam
572 1300 694 1370 perage
707 1293 854 1370 coeptum
868 1269 1015 1364 facilius,
1029 1279 1119 1350 haud
1134 1281 1222 1352 ultra
1236 1309 1372 1379 precor;

389 1393 591 1482 Moramque
609 1385 724 1455 saltem
739 1385 909 1482 suppliciis
928 1389 1015 1458 dona
1033 1392 1124 1462 ineis.

392 1526 478 1570 areu.
501 1498 676 1572 Perfruere
695 1495 784 1566 leuto
802 1495 944 1586 seelcre3
967 1525 1009 1569 ne
1028 1526 1192 1596 propera,
1211 1503 1317 1576 dolor.

390 1614 488 1682 Meus
510 1608 580 1676 dies
600 1621 673 1676 est:
697 1621 847 1700 tempore
863 1622 1002 1704 accepto
1020 1611 1156 1680 utimur.

388 1745 457 1790 res.
472 1717 597 1793 Infesta
612 1731 733 1786 memet
746 1717 880 1811 perime.
895 1743 980 1788 Mau.
996 1720 1149 1792 Misereri
1161 1722 1269 1814 jubes·

390 1835 479 1900 Bene
497 1844 561 1908 est,
583 1841 753 1922 peractum
772 1843 820 1898 est
838 1853 845 1895 :
864 1826 959 1921 plura
979 1853 1045 1900 nou
1067 1829 1192 1914 habui,
1209 1829 1324 1920 dolor,

389 1941 473 2030 Qua
493 1937 551 2006 tibi
572 1935 712 2006 litarem.
728 1938 870 2006 Lumina
888 1937 954 2006 hue
973 1939 1100 2008 tumida
1116 1938 1240 2027 alleva,
1351 1973 1387 1999 ιι

389 2055 524 2142 Ingrate
543 2050 641 2116 Iason
660 2071 667 2112 :
686 2046 862 2140 conjugem
885 2050 1037 2141 agnoscis
1060 2051 1172 2118 tuam?

386 2159 441 2227 Sic
458 2157 573 2252 fugere
591 2155 680 2226 soleo
699 2181 708 2225 z
726 2157 834 2250 patuit
851 2158 885 2224 in
903 2156 1018 2226 calum
1040 2160 1102 2227 via.

384 2271 600 2360 Squammosa
622 2265 747 2357 gemini
766 2264 851 2336 colla
870 2283 1041 2360 serpentes
1060 2269 1142 2363 jugo

381 2377 564 2448 Summissu
583 2375 755 2468 praebent:
776 2375 884 2470 recipe
902 2377 972 2469 jam
992 2393 1087 2448 natos
1111 2403 1241 2473 pareus.

379 2559 458 2614 1008.
475 2555 555 2618 Urius,
568 2555 653 2620 liliue,
664 2553 744 2608 scilic.
759 2555 780 2608 ir
796 2555 842 2626 qul
887 2557 999 2627 longiori
1016 2575 1155 2628 expressus
1171 2573 1250 2624 note,
1268 2561 1404 2631 pluribus-

332 2641 386 2708 jam
402 2647 441 2687 ert
453 2636 616 2687 interemtue.
887 2655 938 2707 que
952 2638 1055 2690 omisein
1067 2639 1198 2708 exemplis
1212 2639 1291 2692 abeo
1305 2642 1403 2698 allatis.

378 2733 447 2784 ποορ
472 2731 528 2784 sqq.
550 2711 579 2765 Si
590 2723 672 2783 ponet
692 2733 741 2765 unu
761 2714 843 2778 caede,
931 2721 1013 2770 1016.
1026 2717 1166 2782 Perfruere,
1179 2731 1229 2772 etc.
1247 2721 1281 2772 Se
1297 2722 1404 2794 ipram,

333 2809 383 2850 etc.
417 2793 443 2846 si
473 2805 573 2844 tanturn
602 2793 669 2844 milri
694 2807 843 2863 superesset
887 2813 963 2847 auum
978 2793 1098 2848 dolorem
1113 2797 1208 2850 Medea
1222 2798 1379 2870 alloquitur.

333 2875 453 2948 pietatis,
474 2885 504 2925 ut
524 2872 601 2926 unius
621 2870 692 2924 crede
710 2891 753 2924 me
765 2873 842 2926 satia·
930 2877 1010 2928 1018.
1042 2877 1153 2927 illisereri
1180 2877 1260 2948 jubes.
1290 2880 1406 2935 Miseri,

332 2973 403 3018 rem,
418 2951 491 3006 alteri
506 2969 656 3022 parcerem,
675 2952 753 3003 etiem
774 2971 839 3004 neu·
884 2953 954 3005 enim
969 2967 1130 3024 moregrnta.
1145 2955 1190 3010 Sic
1203 2955 1404 3014 intremunt.

332 3048 403 3090 trum
419 3031 565 3086 interlicere
577 3031 757 3084 suatiuuireem
774 3029 838 3083 :sed
882 3050 920 3084 vs.
935 3034 987 3088 513
1006 3051 1013 3085 :
1031 3055 1042 3076 ι
1056 3035 1184 3088 Miserum
1207 3049 1265 3090 veta
1286 3039 1408 3108 perire,

331 3130 437 3168 omnem
452 3111 513 3164 exui
531 3111 654 3182 pietatem
665 3149 673 3176 ‚
686 3111 773 3181 itaque
793 3109 837 3162 rlx
882 3111 988 3166 felicem
1001 3109 1074 3184 jube.
1086 3137 1097 3159 n

330 3190 416 3245 dolori
442 3209 501 3242 men
527 3191 662 3247 eullroiuut
682 3189 723 3240 ini
746 3187 801 3240 duo
827 3207 833 3240 :
925 3193 1409 3263 1019.Ber1eest,·peraecturuerr.Cn.

330 3273 428 3333 immo,
442 3270 462 3322 ei
482 3289 525 3322 me
543 3267 677 3340 gravidam
698 3267 837 3332 sentirem,
880 3289 908 3322 ao
921 3271 974 3339 jam
987 3272 1069 3324 altero
1082 3273 1147 3324 filio.

328 3352 406 3405 etiam
431 3347 541 3402 dierecto
566 3361 658 3411 utero,
689 3347 773 3400 fetum
797 3347 836 3400 tui
926 3365 1003 3404 rouo.
1025 3351 1143 3416 Lumina,
1165 3366 1216 3406 etc.
1237 3354 1411 3425 Alloquitur

328 3429 460 3500 sanguinis
473 3427 646 3480 extraherem.
880 3429 1004 3481 Jaeouem
1022 3451 1027 3480 :
1044 3431 1135 3484 attolle
1150 3433 1242 3485 oculos
1264 3447 1329 3488 tuos
1344 3457 1415 3492 me-

370 3509 449 3562 1015.
465 3507 604 3578 Mommpue
618 3505 700 3558 saltem
711 3507 835 3578 suppliciis
881 3527 935 3578 quc
955 3507 1022 3561 vide.
1044 3510 1143 3564 Annon
1164 3513 1282 3582 agnoscis
1299 3533 1352 3567 ne
1370 3537 1414 3572 ex

328 3590 391 3644 dom
406 3591 471 3640 meir.
488 3589 577 3652 Quum
597 3587 686 3638 dooere
703 3586 835 3639 sitremlr·
879 3588 955 3640 colite
976 3586 1068 3641 cardo?
1093 3591 1167 3660 priua
1189 3592 1297 3662 quidem
1331 3597 1415 3665 tibi,

327 3683 391 3732 tere,
408 3667 599 3720 donatianorum
615 3677 834 3736 eet‚moraegra·
876 3668 929 3736 jam
955 3666 1021 3720 mihi
1051 3668 1196 3722 vindictum
1224 3687 1419 3741 poscentem.

326 3749 389 3800 tiam
404 3746 502 3810 lacere,
518 3763 605 3816 neque
620 3763 693 3798 mora
709 3745 833 3816 supplicii
877 3775 916 3788 ·-
934 3747 1052 3812 Tumida,
1065 3767 1120 3818 pre·
1132 3749 1171 3802 ira
1185 3763 1211 3802 et
1224 3749 1342 3808 dolore.

324 3840 351 3881 et
366 3827 438 3884 lento
451 3824 570 3878 cruciatu
583 3836 722 3894 torquere:
735 3842 769 3876 ne
781 3823 834 3877 dif·
922 3843 1002 3879 tour.
1016 3826 1057 3879 Sic
1069 3821 1159 3897 sugere
1176 3830 1257 3896 soleo,
1277 3847 1344 3901 μη·
1364 3855 1427 3892 οι.

324 3908 409 3966 ferne,
426 3915 558 3956 maturato
572 3903 833 3972 supplicium—Lo·
876 3902 942 3958 der:
963 3920 1064 3976 patrem
1091 3907 1147 3978 fugi
1174 3909 1262 3962 oocieo
1291 3911 1423 3982 fratre,

323 4005 384 4038 curn
406 3984 478 4036 hunc
499 3983 651 4036 Gronovius
673 3995 748 4034 vocat
770 4001 831 4036 cru·
876 3987 1001 4038 Acastum
1016 3986 1103 4040 mariti
1118 3987 1169 4040 mei
1182 3989 1352 4059 peunelem
1368 4017 1428 4052 «χ.

321 4084 380 4122 cem
394 4061 577 4116 eruditorum:
600 4071 627 4114 et
646 4079 736 4114 rensue
749 4080 829 4132 quem
874 4063 928 4116 cieo
949 4077 1022 4135 putre
1042 4083 1107 4134 auo;
1123 4079 1150 4120 te
1170 4068 1224 4138 jam
1245 4075 1429 4148 conjugem

320 4145 363 4202 laic
381 4141 537 4197 exhibemus
554 4139 670 4212 eJusdem
692 4153 745 4205 ert,
767 4155 793 4194 at
814 4161 829 4195 e
873 4142 966 4196 occieis
980 4143 1051 4198 liliis.
