3008 5158
339 532 404 618 164
620 533 657 599 L.
683 531 858 600 ANNAEI
884 532 1094 602 SENECAE

378 660 506 726 Rursus
523 651 667 722 adducto
686 675 839 720 revocare
860 652 958 722 nodo.

381 765 501 856 Qualis
521 766 639 832 iratam
658 777 809 831 metuens
828 784 1001 832 novercam
1075 841 1079 850 ι

382 879 557 961 (beveres,
575 872 675 942 falsos
697 872 844 940 imitatus
862 887 970 959 artus,

265 983 268 992 ’
382 987 484 1057 Crine
506 983 638 1053 flaventi
659 980 811 1051 simulata
830 981 942 1077 virgO‚

381 1100 520 1166 Luteam
541 1109 664 1162 vestem
683 1093 847 1161 retinente
866 1116 959 1160 zona.

383 1207 466 1276 Inde
488 1222 555 1275 tam
574 1202 690 1273 molles
706 1199 860 1296 placuere
882 1200 1007 1288 cultus,

379 1321 424 1386 Et
444 1316 534 1384 sinus
555 1310 639 1398 laxi,
667 1311 874 1403 fluidumque
900 1333 1020 1404 syrma.

338 1411 341 1415 ’
382 1425 476 1497 Vidit
501 1438 618 1493 aurato
640 1419 782 1490 residere
803 1442 921 1506 curru,

381 1539 481 1606 Veste
500 1557 603 1627 quum
625 1530 721 1625 longa
741 1544 869 1624 tegeres
888 1527 1019 1614 leones,

381 1646 501 1716 Omnis
518 1647 595 1712 Eoae
617 1639 718 1736 plaga¹
733 1655 824 1710 vasta
846 1654 963 1723 terrae,

382 1757 451 1845 Qui
478 1755 564 1823 bibit
583 1754 757 1846 Gangem,
779 1751 980 1842 niveumque
1000 1748 1149 1841 quisquis

418 1876 422 1886 ⁴
744 1859 883 1953 Frangit
905 1861 1049 1927 Araxen.

432 1975 479 2041 Te
497 1971 606 2040 senior
627 1967 717 2062 turpi
743 1967 893 2062 sequitur
915 1965 1047 2036 Silenus
1068 1963 1189 2050 asello,

385 2079 532 2175 Turgida
553 2077 737 2173 pampineis
757 2075 929 2146 redimitus
949 2091 1099 2169 tempora
1119 2077 1224 2146 sertis.
1366 2099 1407 2144 n.

385 2191 527 2262 Condita
548 2189 658 2258 lascivi
676 2187 845 2256 deducunt
861 2186 953 2280 orgia
973 2199 1094 2278 mystae.

434 2305 482 2370 Te
503 2296 711 2368 Bassaridum
729 2297 887 2365 comitata
906 2294 1043 2381 rohone,

384 2493 450 2556 4¹7·
464 2482 579 2537 Adducto
590 2480 663 2546 nodo,
672 2481 753 2534 scilic.
766 2481 851 2553 capil-
892 2485 949 2552 gie,-
968 2481 1008 2534 vel
1029 2497 1109 2552 quem
1131 2481 1234 2534 ratibus
1255 2495 1342 2550 κοπίς
1365 2488 1410 2538 rel

342 2566 442 2618 lorum.
894 2560 1002 2632 respicit
1015 2560 1049 2613 ad
1064 2579 1163 2614 nomen
1175 2559 1270 2628 fluvii,
1284 2564 1318 2616 sb
1330 2565 1412 2636 ἀράσ-

386 2646 452 2706 418.
474 2641 620 2703 Neronum,
638 2639 791 2704 iunonem,
812 2639 853 2692 iu·
896 2660 947 2704 ru,
955 2639 1059 2710 frango.
1071 2640 1157 2692 Fssn.

345 2725 436 2778 sestam
450 2719 591 2792 pellicibus
601 2717 716 2789 filiisque
727 2718 812 2770 Jovis.
937 2725 1001 2786 4²9.
1015 2717 1125 2784 Silenus,
1135 2721 1251 2772 nutritor
1260 2721 1371 2778 eremi.

389 2809 454 2871 4¹9·
468 2799 594 2863 cnam,
606 2816 642 2852 se.
651 2797 755 2850 latitans
766 2797 794 2850 in
805 2815 854 2849 sn·
939 2800 1003 2861 431.
1019 2798 1136 2862 Condita,
1154 2817 1208 2852 non
1227 2800 1279 2852 nisi
1298 2801 1415 2856 initiatis

347 2897 389 2938 tro
400 2881 502 2951 Nysaeo.
512 2911 549 2922 -
557 2877 644 2930 Falsus
657 2888 737 2940 artus,
746 2875 855 2947 virginis
898 2876 1038 2930 revelanda
1047 2900 1055 2940 ;
1065 2877 1145 2930 variis
1154 2879 1238 2932 obsita
1249 2879 1411 2949 fronditum

350 2961 456 3015 mollem
467 2959 588 3012 habitum
600 2957 739 3020 simulans,
751 2975 788 3008 rs.
801 2974 840 3027 sq.
898 2975 953 3010 non
966 2959 1016 3010 sub
1029 2957 1110 3010 Dium
1125 2957 1260 3028 rapienda.
1275 2959 1416 3015 Fran.-

391 3037 455 3106 dss.
467 3040 541 3102 Inde,
554 3056 585 3091 ex
598 3037 646 3089 ists
655 3036 797 3108 puerilium
808 3053 857 3087 an·
902 3035 995 3106 Orgia,
1008 3037 1196 3101 Bacchanalia
1211 3038 1245 3091 ab
1256 3039 1329 3108 ὀργῆς
1340 3041 1418 3094 iuro-

350 3138 447 3174 norum
467 3114 856 3192 eonsuetudine.7-Placuere,
899 3133 942 3178 re,
961 3115 1062 3167 seirius
1079 3117 1137 3186 ὀρῶν
1151 3116 1290 3170 montibus
1307 3121 1355 3190 qui
1372 3139 1418 3173 re·

351 3199 399 3252 tibi
412 3199 465 3268 jesu
477 3214 532 3248 uon
541 3194 651 3265 virginis
660 3194 748 3266 specie
756 3193 857 3246 latenti.
900 3204 993 3246 sonant
1007 3207 1137 3246 nocturno
1151 3195 1338 3251 bacchantium
1359 3201 1418 3253 cla·

396 3274 461 3341 423.
475 3274 547 3327 Sinus
561 3275 625 3333 laci,
641 3273 660 3326 i.
678 3291 702 3325 e.
721 3285 781 3344 toga
795 3272 859 3325 sini·
901 3289 990 3339 more;
1010 3273 1052 3326 vel
1072 3273 1122 3326 ἀπὸ
1145 3280 1187 3328 τοῦ
1203 3277 1302 3346 cippus,
1320 3279 1355 3330 ab
1374 3298 1420 3333 rr·

353 3357 403 3408 bus
414 3353 513 3408 laxetis.
521 3351 662 3424 -Syrma
669 3349 740 3404 Vide
749 3350 815 3423 quid
825 3349 859 3403 sit
902 3350 988 3404 eendo
1001 3371 1016 3405 s
1030 3353 1161 3425 mysteriis
1173 3355 1310 3425 profanos.
1325 3358 1419 3413 Fau.

353 3432 388 3486 ad
401 3431 507 3486 Hercul.
522 3431 585 3485 Fur.
602 3449 639 3484 vs.
661 3430 734 3501 475,
752 3432 780 3484 in
799 3442 855 3484 not.
902 3431 1051 3504 -Mystoe,
1062 3433 1249 3502 mysteriorum
1260 3437 1357 3506 periti,
1368 3439 1423 3492 ini·

353 3511 407 3566 rol.
421 3512 450 3576 1,
463 3529 522 3581 pag.
538 3509 584 3563 56.
902 3509 958 3562 tiuti
971 3513 1065 3576 sacris,
1077 3530 1093 3564 a
1104 3514 1179 3581 puio.
1196 3513 1282 3567 Faus.

396 3595 462 3653 4²4·
476 3588 558 3652 Vidit,
569 3605 646 3660 supp.
659 3599 689 3640 te.
945 3592 1011 3652 idn.
1029 3592 1198 3645 Bassaridum.
1217 3594 1317 3649 Raeclri
1335 3597 1426 3652 mini-

397 3667 462 3731 42⁵.
482 3669 582 3731 bones,
600 3667 644 3738 qui
662 3685 769 3720 currum
784 3679 859 3720 tuum
903 3671 1095 3733 strorurn‚dni
1109 3677 1152 3723 τοῦ
1171 3673 1268 3737 finituri,
1287 3679 1427 3730 crocite-

355 3747 502 3802 trshebant.
903 3746 986 3800 rsudo
997 3769 1003 3800 τ
1014 3750 1055 3801 vel
1071 3769 1086 3802 a
1100 3749 1217 3821 vulpinis
1226 3752 1345 3822 pellibus
1359 3759 1428 3829 qui.

395 3828 459 3890 426.
474 3826 544 3886 Ecce,
555 3821 710 3888 Orientalis;
725 3837 750 3878 et
763 3822 797 3876 de
816 3826 861 3878 In·
904 3827 953 3878 bus
977 3828 1150 3899 cingebantur
1169 3835 1178 3882 ε’
1195 3831 1315 3885 Bassam
1344 3837 1429 3891 enim

356 3907 398 3959 die
410 3903 524 3958 maxime
537 3904 624 3975 egitur
634 3916 661 3955 et
671 3902 787 3973 Scythia.
904 3905 1051 3960 Thracibus
1059 3921 1133 3961 sonet
1144 3906 1301 3984 subestque
1313 3917 1431 3970 ratione

397 3985 462 4048 428.
477 3981 730 4036 Amandrmenite
738 3980 860 4046 flurium,
903 3997 930 4037 et
943 3999 1058 4040 scortum
1078 3985 1235 4056 deducitur,
1256 4005 1283 4044 et
1302 3993 1434 4051 Bassaris

355 4064 460 4117 nivibus
473 4073 578 4115 suctum
594 4060 635 4114 vel
650 4059 793 4131 frigidum
819 4062 860 4114 vel
903 4082 953 4133 pro
975 4067 1114 4120 meretrice
1140 4085 1209 4138 supe
1234 4074 1431 4143 usurpatur)-

356 4141 414 4211 gelu
426 4143 595 4196 constrictum
605 4159 613 4206 3
623 4138 775 4194 additenim
782 4141 875 4206 frum·
903 4143 948 4195 atii
966 4159 979 4194 s
1001 4145 1113 4199 demissa
1135 4159 1162 4200 ct
1186 4148 1262 4202 talari
1276 4165 1353 4206 reste
1374 4119 1435 4227 qud
