3058 5164
375 549 624 619 TROADES.
652 548 764 618 Act.
788 549 862 619 111.
907 565 910 576 ·
1085 551 1149 624 281

140 701 239 748 nunu.
259 671 354 765 Quid
373 671 523 767 proderit
545 670 681 742 latuisse
698 671 848 743 redituro
871 671 906 742 iu
924 673 1067 746 munus?
1115 697 1154 751 ns

138 810 207 856 sun.
227 787 346 856 Victor
363 782 488 852 feroces
507 782 651 875 impetus
667 781 793 877 primos
812 781 924 853 habet.

138 919 242 966 enon.
256 892 374 986 Quid?
391 891 482 987 quod
502 889 604 962 latere
621 892 692 962 sine
710 905 803 962 metu
820 916 944 990 magno
968 897 1109 992 nequit?

139 1031 207 1076 suu.
229 1006 334 1074 Miser
355 1017 496 1096 occupet
517 1001 685 1097 praesidia,
709 1027 845 1074 securus
868 1002 966 1100 legat.

138 1141 245 1189 nunu.
265 1115 352 1205 Quis
373 1130 405 1184 te
427 1113 537 1194 locus,
552 1139 627 1209 quae
644 1114 736 1208 regio
752 1113 908 1201 seducta,
926 1115 1031 1205 invio,

135 1231 219 1298 Tuto
242 1225 404 1322 reponet?
426 1223 502 1320 qnis'
519 1224 604 1294 seret
625 1224 763 1319 trepidis
783 1227 909 1320 opem?
1118 1249 1158 1292 u„

138 1341 220 1429 Quis
238 1336 411 1434 proteget?
427 1335 497 1425 Qui
515 1359 659 1430 semper,
682 1335 782 1404 otiam
807 1360 899 1405 nuuc
916 1349 1008 1424 tuos,
1156 1347 1158 1357 “

139 1453 270 1537 Hector,
294 1463 406 1530 tue1e3
424 1446 577 1542 conjugis
596 1445 723 1516 furtum
745 1447 809 1541 pire

138 1562 255 1647 Serva,
274 1574 306 1629 et
328 1555 419 1627 fideli
436 1558 547 1628 cinere
564 1557 731 1626 victurum
749 1555 874 1652 excipe.

138 1670 282 1742 Succode
304 1667 453 1756 tumulo,
469 1683 570 1736 uate:
590 1666 672 1762 quid
692 1681 780 1737 retro
796 1667 898 1764 fugis,

139 1785 331 1877 Turpesque
353 1779 494 1850 latebras
513 1779 667 1873 spernis?
684 1803 830 1874 agnosco
846 1778 1002 1850 indolem.
1116 1807 1155 1848 us

138 1891 242 1962 Pudet
263 1893 400 1960 timere:
418 1891 554 1984 spiritus
575 1913 715 1984 magnos
733 1889 831 1985 fuga,

138 2003 341 2095 Animosque
359 2015 506 2070 veteres:
527 2024 621 2069 sume
639 2024 723 2094 quos
740 2024 837 2068 casus
856 1998 959 2070 dedit.

132 2216 327 2288 495150051οω
347 2219 373 2270 iu
390 2236 482 2270 merus.
505 2215 596 2288 stqut·
638 2215 741 2283 riculo,
764 2216 937 2272 eelutieviam
949 2217 1150 2293 centimoliget.

97 2293 327 2370 denpoetmodum
338 2299 366 2350 in
378 2295 595 2350 mennelmrtium
680 2301 740 2350 roo.
758 2297 878 2368 Trepidis.
893 2298 963 2351 Mihi
976 2298 1088 2370 tibique.

98 2375 125 2430 rit
134 2391 266 2433 ventum.
279 2380 403 2450 Namque
413 2377 539 2430 noluisset
549 2395 596 2429 uu·
681 2376 745 2430 501.
762 2379 814 2446 Qui
831 2397 936 2448 semper,
950 2389 1000 2432 etc.
1014 2375 1067 2444 Qui
1081 2399 1151 2434 eenr-

96 2472 164 2527 quero
176 2457 367 2514 Andromache
374 2476 450 2510 suum
462 2475 476 2510 e
486 2475 513 2510 ee
522 2474 596 2509 amo·
638 2475 687 2528 per
697 2475 758 2509 tuor
769 2459 903 2527 protexit,
917 2457 986 2512 idem
999 2459 1151 2516 etiamnunc

96 2552 151 2590 tere
161 2537 336 2612 Aetyenucme
356 2549 383 2590 et
394 2555 457 2609 ergo
468 2536 539 2588 illum
554 2555 595 2588 ee·
639 2549 760 2608 proteget
773 2537 880 2603 Hector,
892 2551 918 2592 et
933 2538 1006 2592 hunc
1020 2539 1152 2611 pathetice

97 2630 216 2686 quomens
234 2617 270 2672 ed
295 2617 417 2681 Graece,
437 2615 596 2687 captivitatie
636 2616 788 2688 alloquitur.

96 2709 209 2752 netem
222 2716 329 2762 comer,
348 2695 463 2751 debebat
475 2696 596 2750 hortibus
680 2699 744 2750 502.
763 2698 853 2758 Turre,
869 2695 941 2750 idem
958 2696 1032 2769 quod
1047 2703 1128 2755 tueris.

96 2777 169 2830 terim
182 2779 290 2833 ocium
301 2775 381 2830 trudi.
681 2775 748 2830 503.
762 2777 844 2829 Fr'dele'
854 2779 939 2830 cinere.
954 2779 1028 2831 luter
1039 2781 1149 2846 cineret,

130 2861 191 2927 496.
215 2859 321 2929 Impetru
337 2860 436 2927 primos.
459 2855 493 2909 Et
507 2854 596 2909 innuit
639 2873 754 2926 quorum
771 2854 835 2909 fidei
851 2869 929 2909 tuum
953 2875 1098 2929 meumque
1116 2859 1151 2912 fi·

95 2951 177 3002 moer,
198 2937 235 2992 ite
248 2955 305 2990 eene
322 2935 356 2990 de
372 2937 403 2989 iie
427 2933 595 2990 eolummodo
639 2934 704 2986 lium
714 2936 861 2988 committo.
873 2967 913 2978 --
949 2943 1151 3009 returumeecepe.

93 3015 177 3086 primic
185 3018 339 3087 impetibus.
347 3014 532 3081 Sicdelre,ll‚
543 3018 594 3070 ²8:
639 3013 778 3085 Excipiet,
786 3027 816 3068 ut
825 3026 939 3068 mortem
949 3015 1023 3082 vitet,
1031 3029 1061 3070 ut
1071 3017 1152 3074 rivet.

98 3095 213 3151 ¹0mee
225 3097 306 3150 habet
317 3095 432 3166 impetur
448 3095 558 3166 primos.
572 3119 584 3142 ι
682 3093 745 3158 504.
762 3095 832 3163 Quid
843 3096 934 3163 renus.
946 3095 1009 3150 llere
1019 3109 1093 3167 gestu
1102 3096 1150 3151 ed·

129 3182 189 3248 ⁴97·
206 3177 295 3247 Quid?
311 3175 445 3250 qucd,etc.
456 3172 595 3227 Addumne
639 3173 757 3244 juvnude
771 3186 841 3228 eunt.
853 3175 989 3246 -Fugin
1010 3176 1072 3230 Non
1086 3197 1152 3248 pro·

93 3273 145 3308 euru
158 3275 211 3309 uon
224 3275 302 3328 poree
312 3257 408 3321 lutere,
419 3268 469 3308 etc.
481 3254 596 3309 Auxeeie
640 3267 700 3326 pter
707 3267 806 3308 metum
818 3255 1054 3322 euthorrorem‚ut
1064 3258 1151 3327 primo

93 3337 197 3390 oretoria
207 3349 235 3390 et
250 3332 461 3391 viride.-Siue
472 3346 535 3386 metu
544 3355 595 3387 mn·
641 3332 726 3388 credit
737 3347 831 3401 meter,
846 3333 893 3388 red
905 3346 1015 3406 propter
1028 3335 1152 3408 indigue·

91 3433 141 3483 gro.
153 3417 192 3470 lte
209 3428 257 3480 ut,
271 3415 319 3470 illo
335 3416 414 3470 etiem
428 3426 502 3479 tuto,
515 3413 594 3467 etiem
639 3414 818 3486 tionem,quiu
828 3415 940 3469 lutebrue
946 3415 1106 3486 meruitve.
1113 3436 1153 3488 eq.

93 3505 141 3549 tum
154 3496 220 3549 milri
239 3493 390 3550 timendum
411 3493 461 3559 rit,
474 3494 516 3546 rel
533 3513 596 3565 pro·
681 3493 745 3548 505.
758 3494 860 3565 Turpes,
869 3507 1027 3565 querutum
1038 3493 1152 3550 Hectore

92 3587 144 3644 pter
155 3574 301 3630 loeditetem
316 3587 344 3629 et
361 3576 502 3628 horrorem
514 3573 597 3645 ipeiue
639 3592 694 3626 non
715 3570 810 3627 decere
825 3585 853 3627 tu
871 3574 1012 3628 existimer.
1027 3607 1066 3619 —
1076 3577 1152 3629 Indo·

91 3651 144 3709 loci
156 3655 234 3710 Erret
248 3655 276 3709 lr.
290 3655 310 3707 l.
324 3655 432 3727 gallicus
446 3653 595 3724 interpres:
641 3653 699 3718 lem,
720 3652 842 3706 Hectoris
863 3651 896 3706 ed
916 3653 1002 3708 filium
1017 3657 1151 3709 tranemie·

95 3735 142 3788 ·Et
149 3748 286 3790 comment
296 3740 308 3788 ?
319 3738 354 3788 orl
363 3734 510 3805 pourrei·je
520 3733 598 3787 lecu·
641 3751 716 3799 πως
740 3733 859 3786 nobilem
875 3731 975 3786 ecilicet
989 3734 1150 3788 latebrarum

91 3813 155 3882 eber,
164 3835 226 3870 eene
240 3833 294 3887 que
306 3833 349 3869 me
363 3801 474 3886 srdyeur
487 3813 597 3868 trelrim
641 3825 666 3866 et
680 3812 748 3884 inger
764 3825 939 3866 contemtum.

90 3910 146 3948 nou
159 3909 245 3951 secret
258 3899 270 3946 Ρ
283 3921 295 3942 ι
684 3892 747 3948 506.
762 3892 856 3955 Pudet,
875 3893 955 3947 ecilic.
968 3907 1002 3946 te.
1014 3893 1150 3964 -Frrga,

126 3978 188 4044 498.
220 3977 331 4046 Occupet
353 3973 480 4045 pmsidr‘u.
510 3971 597 4026 Obviu
641 3970 886 4044 abdice,depoue,
902 3973 967 4043 ejice
978 3974 1076 4026 enimc.

90 4069 194 4126 queque
207 4067 236 4109 et
255 4073 315 4127 quet
329 4053 495 4107 occurrerint
508 4051 597 4122 presi·
685 4053 749 4122 507.
760 4053 867 4104 Veteres.
877 4052 979 4106 Priorie
988 4054 1152 4106 fortune„-

89 4129 129 4185 diu
140 4149 274 4206 ceperunt,
289 4133 412 4204 erripiet.
428 4133 598 4186 Funerum—
644 4133 712 4203 Quor
721 4152 789 4185 carue
802 4133 877 4186 dedit.
885 4133 981 4185 Sensus
991 4151 1058 4204 quoe
1070 4131 1156 4209 impo-

90 4211 169 4283 ltgut.
179 4215 300 4282 Quiuon
313 4227 423 4285 urgetur
435 4213 543 4268 instanti
555 4231 599 4285 pe·
644 4213 695 4266 euit
710 4213 756 4268 tibi
771 4230 884 4284 presens
893 4229 975 4266 cesus.
