3058 5164
441 529 637 601 MEDEA.
666 529 771 598 Act.
798 531 846 599 II.
1109 530 1177 603 365

150 651 284 740 Malea,
303 651 421 747 longas
439 653 580 722 navibus
601 653 737 722 flectens
759 677 882 720 morus.

151 787 255 833 nuru.
274 761 360 850 Sile,
378 763 538 850 obsecro,
555 777 759 857 questusque
778 775 905 830 secreto
921 761 1056 832 abditos
1139 785 1177 822 ιό

150 873 276 942 Munda
296 871 432 942 dolori:
451 874 563 968 gravia
580 872 731 967 quisquis
752 869 891 940 vulnera

154 984 303 1052 Patiente
323 999 357 1052 et
375 1009 470 1078 aequo
488 999 601 1052 mutus
622 983 734 1051 animo
755 978 908 1076 pertulit,

151 1093 287 1162 Referre
305 1094 416 1188 putuit
434 1119 442 1162 ε
463 1095 534 1179 ire,
551 1119 626 1187 quae
645 1092 789 1187 tegitur,
807 1105 917 1162 nocet.

150 1201 299 1272 Prolessa
319 1203 465 1297 perdunt
488 1203 565 1274 odia
586 1203 740 1272 vindictae
761 1201 883 1270 locum.

152 1339 239 1383 uun.
261 1315 358 1384 Levis
373 1329 422 1384 est
437 1313 546 1398 dulor,
564 1314 622 1409 qui
643 1337 762 1407 cupere
781 1311 957 1382 consilium
976 1325 1100 1406 potest,
1136 1335 1172 1372 1⁵5

152 1429 195 1494 Et
216 1423 345 1518 clepere
363 1449 457 1494 sese:
479 1449 600 1518 magna
621 1448 689 1492 nou
708 1421 841 1492 lutitant
859 1420 955 1490 muln.
1032 1483 1034 1486 .

152 1535 250 1603 Libet
268 1537 316 1602 ire
334 1549 461 1604 contra.
481 1559 587 1604 uurn.
607 1536 693 1604 Siste
711 1533 863 1602 furialem
882 1533 1061 1626 impetum,

151 1645 298 1717 Alumna
319 1672 327 1714 :
348 1647 404 1714 vix
424 1660 456 1715 te
473 1648 574 1716 tacita
594 1645 741 1719 defendit
759 1647 864 1739 quies.

151 1781 239 1827 meu.
261 1759 410 1826 Fortuna
433 1753 535 1825 fortes
552 1757 691 1842 metuit,
714 1755 852 1850 ignavos
870 1756 1001 1850 premit.

107 1960 139 1995 ve
152 1954 237 2014 nupta
254 1941 377 2008 venenis,
395 1941 616 2014 Fugientemque
659 1960 735 2006 nem,
751 1941 901 1994 facilitatem
919 1937 1076 1994 ulciscendi.
1086 1939 1172 1994 Tacit.

107 2020 216 2075 domum
239 2022 308 2093 regie
331 2039 401 2075 urere
422 2021 491 2076 vidit
512 2033 618 2076 utrum·
659 2021 727 2075 uin.
739 2022 790 2086 IV,
805 2026 863 2083 ut:
883 2020 1069 2084 ufremebent,
1083 2033 1173 2091 aperte

106 2119 168 2173 que.
183 2127 195 2148 ι
660 2100 739 2164 odie,
750 2099 969 2171 ermaquepelem
978 2097 1076 2169 depelli
1084 2117 1093 2164 ς
1102 2099 1174 2152 freu-

147 2187 209 2249 ¹⁴9·
231 2179 329 2246 Malea,
348 2181 434 2252 longas
451 2201 507 2234 nuo.
515 2181 617 2252 stertens
661 2178 855 2234 demetdolum
866 2179 988 2244 ebreum,
997 2195 1082 2249 eoque
1091 2179 1175 2233 inevi-

106 2279 191 2313 nurus.
204 2259 423 2314 Promontorium
439 2279 488 2332 per
498 2260 618 2332 quinque
661 2259 780 2313 rabitis.-
791 2255 1174 2329 EtSelluet.(ed.noet.p.473)

104 2339 187 2394 millie
200 2357 327 2410 persuum
347 2340 375 2392 in
393 2359 465 2394 mere
483 2337 619 2412 protendi·
661 2351 752 2392 monet
762 2340 904 2404 Cererem,
917 2337 989 2390 haud
1000 2337 1110 2391 difficile
1119 2357 1176 2391 eme

105 2431 169 2474 tur:
186 2417 236 2472 ubi
253 2420 331 2490 quia,
344 2434 456 2491 propter
476 2419 617 2474 continues
661 2417 765 2472 homini
785 2431 891 2472 etrenuo
909 2418 1013 2472 hortem
1033 2416 1173 2472 adversum

103 2513 246 2554 ventorum
260 2499 402 2571 procellae,
416 2499 528 2572 periculi
541 2499 618 2570 plenu
662 2499 826 2570 opprimere3
845 2498 947 2551 occultu
960 2497 1078 2568 pericula
1088 2515 1175 2570 neque

104 2592 144 2633 eet
160 2578 311 2650 navigatio,
334 2592 426 2633 netum
449 2591 488 2632 eet
507 2597 618 2650 pruver-
662 2579 758 2643 fecere,
768 2596 856 2648 neque
866 2578 948 2631 vitare
959 2577 1037 2630 botrie
1048 2577 1074 2630 iu
1086 2595 1176 2649 prom-

102 2659 197 2722 hium,
215 2654 350 2712 Μιλίανδι
377 2659 477 2730 κάμψας
505 2659 618 2711 ἰπιλάθου
663 2671 694 2712 tu
711 2676 776 2712 eree.
796 2659 891 2711 Noster
905 2659 938 2710 ab
952 2655 1082 2728 Euripide
1102 2675 1177 2711 eece·

101 2745 153 2792 τῦν
173 2733 261 2792 ulzade
275 2759 281 2789 ι
297 2739 326 2792 iu
346 2742 421 2808 cujus
443 2738 619 2809 explicatione
662 2739 719 2809 pit,
731 2737 804 2807 npud
813 2756 892 2808 quem
903 2739 972 2790 Creo
982 2735 1083 2790 Medere
1093 2738 1175 2790 ferme

101 2818 188 2872 multa
202 2818 238 2870 eb
251 2817 363 2872 Erremo
380 2817 568 2872 adducuntur:
586 2818 618 2870 iir
663 2816 755 2871 eedem
769 2816 850 2881 dicit,
867 2816 1003 2888 inquiens,
1023 2835 1076 2886 quo
1090 2835 1117 2870 ee
1130 2817 1174 2870 ille

99 2897 175 2952 eddo
195 2896 289 2950 Ovidii
309 2916 435 2964 carmen,
460 2900 550 2951 Amor.
570 2897 618 2949 tib.
662 2897 822 2969 puretiorem
847 2897 969 2959 simulet,
995 2913 1028 2948 eo
1049 2895 1099 2948 eibi
1119 2914 1175 2948 ern·

99 2978 148 3043 11,
168 2996 207 3032 vr.
226 2981 277 3030 16:
298 3001 309 3021 ·
322 2979 378 3030 Nec
396 2978 503 3030 timeum
521 2987 620 3029 vestroe
663 2977 733 3048 plius
744 2973 896 3028 cavendum.
911 2975 1009 3028 Seneca
1022 2986 1108 3046 peter,
1122 2975 1174 3027 ini·

96 3075 184 3110 curve
205 3057 292 3110 elatea
312 3057 417 3110 rium.-
441 3055 521 3110 Adde
542 3067 568 3108 et
589 3073 619 3109 ea
663 3057 701 3109 tio
720 3053 972 3106 Declamationum:
1003 3053 1107 3126 -utngir
1124 3073 1173 3107 no·

97 3155 164 3208 qun
181 3137 339 3190 Plutarchur
354 3137 381 3190 in
397 3137 451 3190 vitu
469 3136 543 3190 Arati
555 3135 619 3188 ecri-
663 3147 724 3190 cent
735 3134 851 3197 inridier,
864 3151 923 3205 qure
933 3132 1022 3188 latent.
1034 3159 1045 3181 ι

95 3217 165 3287 psit.
184 3215 261 3269 Facit
279 3217 368 3287 itaque
385 3234 487 3270 moram
508 3215 620 3268 navibus
708 3215 772 3268 156.
796 3213 902 3284 Clepere.
927 3213 1045 3284 legere,
1070 3213 1175 3276 celere,

94 3297 207 3361 Malea,
230 3294 294 3349 dum
317 3296 539 3368 preterveheutce
558 3307 621 3347 tem·
664 3295 786 3347 κλέπτειν.
801 3293 909 3346 Hercul.
924 3293 987 3345 Fur.
1002 3311 1040 3344 ve.
1052 3293 1119 3362 798.
1135 3325 1174 3336 -

93 3376 255 3445 pestetibru
264 3387 289 3427 et
303 3375 421 3445 inquiete
435 3375 578 3439 fluctuum,
590 3393 619 3427 ac
664 3375 722 3428 Non
734 3375 840 3426 latitant.
852 3373 954 3426 Nolunt
964 3373 1173 3428 lutere-Mula.

91 3455 219 3510 sinuosis
240 3455 452 3527 lungiseinrieque
478 3472 619 3508 excurren·
663 3454 769 3507 Dictum
787 3472 836 3524 pro
850 3454 883 3506 iie
894 3472 960 3524 quor
973 3471 1066 3524 magua
1085 3454 1177 3526 oppri-

91 3537 169 3588 tium
193 3548 222 3588 et
238 3533 417 3590 recedentium
434 3535 545 3587 litorum
564 3551 620 3604 epa·
665 3547 741 3585 munt
753 3533 828 3586 male.

90 3616 139 3670 tiie
157 3613 267 3668 detinet
282 3627 361 3686 etque
379 3627 506 3667 moretur.
529 3613 621 3666 Simile
709 3611 772 3682 157.
789 3611 867 3664 Libet.
879 3613 988 3664 Amant.
1006 3643 1047 3654 -
1064 3612 1104 3664 Ire
1119 3631 1176 3664 ron·

88 3708 133 3749 eet
157 3692 236 3747 illud
248 3695 366 3759 Lucani,
382 3693 429 3751 tib.
441 3694 498 3758 VI,
514 3713 552 3746 rs.
567 3695 619 3747 58:
666 3704 713 3744 tra.
737 3694 834 3762 Aperte
857 3709 1013 3744 occurrere:
1033 3703 1062 3743 ut
1083 3691 1176 3746 euadet

92 3775 156 3827 «Et
174 3774 381 3845 ratibuelougae
401 3772 498 3826 flexum
521 3771 621 3826 donare
664 3770 836 3824 sucerdotisea
849 3773 955 3835 AEneae,
971 3771 1097 3829 mnvt,
1118 3774 1174 3840 95:

85 3855 206 3908 ntaleae.
220 3877 232 3900 ι
669 3876 680 3898 ι
691 3851 735 3903 Tu
750 3869 784 3903 ne
798 3849 862 3904 cede
877 3851 966 3916 mulie,
979 3863 1006 3904 et
1021 3863 1114 3903 contre
1127 3871 1174 3904 uu·

136 3933 216 3988 153.
234 3933 340 4000 Referre.
355 3933 406 3985 Per
420 3933 477 4003 pari
492 3929 621 3997 reddere,
666 3929 776 3984 dentior
789 3931 835 3983 ito.
845 3955 857 3978 ι

83 4014 207 4070 ulcisci.
711 4013 773 4064 158.
788 4011 840 4062 Vir
853 4021 876 4062 re
890 4013 981 4073 recita,
1000 4021 1049 4061 etc.
1065 4007 1174 4060 Etiemri

133 4094 213 4156 154.
232 4092 355 4160 Pmsrssa.
368 4091 621 4163 Enuntiuta,palem
665 4090 742 4144 terite
752 4091 886 4162 quiescat,
897 4089 940 4140 vix
949 4100 1006 4140 tuta
1015 4089 1080 4139 eris:
1091 4087 1176 4140 multo

82 4174 279 4248 proclamata.
303 4203 344 4218 -·
370 4173 468 4226 Lucum
496 4171 622 4225 Oerueio·
666 4171 801 4235 minuent
816 4165 1108 4223 teriolentiueetl'em.
