3116 5172
169 523 1236 554 Ummssfflmfflfflfflfflmmfflssmfflffl

429 739 978 848 IMITATIONES

341 975 569 1044 eunucu
607 972 1066 1042 AGAMEMNONI&

559 1149 844 1180 -aeooe-

173 1307 290 1410 lirun
307 1352 357 1406 est
369 1337 642 1432 Agamemnoniae
660 1333 757 1405 caedis
777 1349 1032 1430 argumentum,
1050 1333 1142 1429 quod
1159 1359 1235 1430 spe·

169 1452 294 1522 ciosam
308 1451 451 1530 maxime
465 1466 498 1520 et
512 1451 648 1520 scenicis
662 1448 837 1519 affectibus
854 1462 933 1520 ante
948 1473 1063 1519 omnes
1083 1448 1238 1519 idoneam

171 1567 318 1664 prebeat
329 1566 512 1636 materiem.
526 1564 617 1656 Quid
629 1562 756 1633 scilicet
767 1563 896 1633 animos
910 1563 1080 1659 potentius
1092 1577 1239 1650 moveat,

171 1705 271 1774 quam
284 1681 310 1749 si
324 1678 435 1750 videas
447 1679 756 1776 praestantissimum
771 1678 902 1767 ducem,
917 1693 992 1773 post
1007 1677 1120 1748 decem
1138 1702 1239 1746 exan-

171 1793 244 1864 tlati
267 1795 358 1889 apud
380 1779 507 1864 exteras
527 1809 642 1888 gentes
661 1791 739 1862 belli
759 1791 947 1888 laborisque
963 1817 1084 1880 annos,
1103 1806 1239 1887 penates

170 1932 248 1978 suos
264 1909 423 1977 victorem
444 1909 607 1993 revisere,
619 1921 657 1975 ut
670 1907 716 1975 ibi
734 1908 847 1975 uxoris
864 1904 974 1976 infidae
993 1903 1166 1975 fraudibus
1181 1907 1234 1974 iu·

170 2022 374 2116 tercipiatur,
397 2037 575 2116 pereatque
597 2022 725 2090 occisus
745 2021 787 2089 ab
811 2018 963 2089 adultero
983 2019 1100 2088 eodem
1118 2033 1152 2088 et
1169 2020 1236 2089 tori

169 2133 310 2229 soliique
318 2136 492 2230 ereptore?
502 2138 573 2208 Nec
586 2135 708 2203 mirum
715 2148 780 2224 est,
788 2158 893 2228 quum
906 2133 989 2203 nihil
1000 2157 1067 2202 non
1078 2133 1124 2201 ibi
1135 2132 1234 2202 iidem

169 2250 233 2319 sibi
252 2252 377 2345 pariter
394 2267 427 2320 et
442 2253 571 2320 animos
583 2248 756 2336 conciliet,
776 2247 947 2344 plurimis,
966 2262 1038 2317 tum
1053 2271 1093 2318 ex
1111 2249 1233 2317 veteri-

169 2363 250 2452 bus,
269 2379 341 2434 tum
360 2367 447 2462 inter
465 2365 684 2452 recentiores,
710 2363 952 2433 feracissimum
974 2361 1055 2432 illud
1075 2361 1238 2432 marnatis

168 2494 405 2572 argumentum
424 2479 588 2565 arrisisse,
603 2477 695 2572 quod
709 2476 921 2546 tractandum
935 2475 1107 2572 eligerent.

214 2589 318 2662 Adest
333 2608 411 2663 ante
422 2617 538 2662 omnes
552 2589 741 2687 AEschyleus
753 2595 994 2686 Agamemnon.
1008 2591 1085 2682 Qua
1096 2589 1233 2685 quidem

167 2703 280 2775 subula
303 2704 439 2777 alteram
465 2707 555 2802 apud
579 2709 714 2778 Graecos
738 2706 1000 2799 praestantiorem
1023 2704 1159 2775 difficile
1179 2731 1232 2774 re·

168 2819 275 2912 perias
286 2819 358 2916 (1);
378 2836 416 2889 ut
433 2835 483 2890 est
501 2817 674 2890 sententiis
691 2819 858 2905 animosa,
874 2817 974 2912 plena
991 2816 1100 2911 lyricis
1112 2819 1231 2888 curmi-

168 2934 284 3021 nibus,
302 2952 336 3005 et
354 2934 451 3006 simul
470 2949 665 3004 contextura
681 2931 839 3027 simplex,
856 2955 1031 3001 numerosa
1049 2947 1159 3002 tamen
1178 2959 1232 3004 ac·

167 3047 306 3118 cedente
329 3049 507 3146 grandium
533 3047 793 3142 sublimiumque
817 3047 1000 3140 imaginum
1027 3047 1133 3142 copie.
1159 3051 1231 3120 Nec

168 3162 400 3257 aggrediemur
411 3178 558 3233 exactam
575 3163 678 3232 totius
691 3161 849 3230 dramatis
864 3158 1144 3255 explorationem
1155 3186 1230 3256 quar

167 3300 229 3344 nec
251 3291 300 3345 est
322 3277 364 3346 ad
388 3293 536 3346 nostram
559 3301 649 3362 rem,
678 3300 740 3348 nec
759 3275 963 3348 desideratur
982 3273 1018 3348 iu
1038 3299 1153 3370 opere,
1172 3278 1229 3348 cui

169 3388 284 3460 titulus
309 3406 376 3476 est,
396 3387 542 3462 Thea‘tre
561 3387 625 3462 des
641 3393 744 3461 Grecs
759 3388 810 3460 du
825 3393 867 3462 Ρ.
883 3393 1053 3484 Brumoy.

213 3508 291 3577 Non
308 3507 353 3574 ita
366 3505 608 3575 obcaecabimur
626 3529 734 3599 prono
752 3505 786 3573 in
800 3518 969 3573 auctorem
987 3518 1138 3574 nostrum
1158 3520 1228 3575 stu·

167 3617 234 3707 dio,
249 3635 364 3690 utnon
372 3624 801 3716 agnoscamusAnnaeanum
808 3623 1091 3715 Agamemnonem
1100 3620 1231 3716 AEschy·

167 3732 220 3802 leo
241 3732 340 3830 longe
357 3737 568 3824 inferiorem,
584 3751 656 3806 tum
673 3733 791 3804 ordine
808 3747 993 3822 contextus,
1007 3750 1078 3804 tum
1097 3733 1229 3804 dicendi

201 3942 240 4009 (r)
257 3944 382 3992 Dissimile
401 3959 502 4009 prorsus
529 3905 559 3992 de
583 3943 670 3992 eodem
690 3942 798 3992 dramate
822 3943 867 3992 lert
885 3943 1006 4006 judicium
1020 3945 1046 3994 J.
1062 3945 1088 3990 F.
1104 3941 1230 4010 werpe,

165 4029 242 4078 Com
254 4029 452 4090 dehittdroturc,
469 4042 534 4099 part.
548 4033 573 4091 1,
590 4029 634 4080 lib.
648 4033 675 4092 t,
688 4045 742 4094 cup.
760 4031 786 4080 5.
805 4031 867 4093 Quis
886 4041 966 4082 sutum
986 4029 1133 4093 ignoraverit
1151 4046 1230 4079 errare

164 4117 255 4182 sapius
270 4119 336 4167 bunc
358 4119 485 4178 criticum,
500 4135 544 4167 nec
557 4119 631 4168 mel
646 4119 672 4170 iu
683 4118 821 4179 judicandis
835 4131 941 4166 veterum
954 4117 1069 4182 operibat
1083 4120 1233 4168 somniuae?

1048 4208 1111 4296 34³
