3042 5156
383 536 451 628 234
755 545 810 614 ru
836 537 1076 612 oumruu

317 711 320 718 ·
379 671 500 746 gnandoe
513 687 615 744 censet,
635 695 686 742 ue,
704 675 771 730 bero
791 685 935 748 prasente,
953 669 1023 724 ser-vi
1035 665 1272 741 praecurrentia.
1286 673 1430 731 Ateiebero

378 772 470 808 cerrus
489 755 687 827 interloquitur,
702 767 732 809 ut
745 757 794 827 qui
806 773 868 807 mox
880 763 973 822 roget:
992 753 1098 802 nescisne
1116 759 1219 804 memet?
1239 771 1324 824 quarn
1339 773 1433 826 pergere

378 833 488 888 deberet
508 833 649 909 OEdipns:
666 839 773 888 nesciere
791 833 888 888 samm?
903 829 1044 886 Efficacior
1056 841 1143 884 tamen
1158 829 1193 884 ad
1212 833 1375 903 agnitionem
1386 837 1431 890 tul·

376 914 445 984 garic
453 927 491 967 eet
499 915 568 968 ratio
578 954 586 981 ,
598 915 642 969 cui
652 927 678 969 et
689 917 777 970 favere
792 913 876 970 rideri
887 911 969 984 puerit
981 910 1106 982 sophoct.
1116 909 1218 983 OEdip.
1230 912 1297 983 Tyr.
1310 931 1351 970 re.
1365 915 1431 970 nir.

381 993 489 1047 Binan.

384 1105 388 1120 ·
415 1073 476 1128 Act.
492 1074 542 1138 IV,
557 1092 685 1128 seeum.
700 1093 829 1128 ruottaae.
844 1072 911 1126 Atti·
927 1071 1050 1126 Itiimaies
1060 1067 1155 1124 dictur.

416 1153 481 1207 852.
509 1153 555 1206 Ad
574 1173 665 1208 uerum.
683 1155 722 1208 Ex
735 1154 834 1208 Colon.
857 1153 915 1206 MS.
939 1149 1040 1204 notavit
1052 1149 1250 1219 commaticus,
1271 1151 1309 1204 ud
1327 1171 1431 1216 ueram

374 1229 447 1302 quod
464 1231 531 1286 adeo
550 1234 650 1306 placuit
671 1235 731 1287 viro
749 1233 846 1297 docto,
867 1243 898 1284 ut
917 1249 971 1284 non
992 1227 1119 1283 dubitarit
1134 1230 1187 1282 hnc
1199 1249 1250 1301 pro
1268 1251 1392 1302 germano
1409 1245 1431 1285 et

373 1312 489 1382 genuino
504 1313 632 1384 recipere.
656 1315 781 1367 Plautum
805 1324 851 1368 ant
866 1309 1024 1364 Terentium
1038 1321 1086 1362 ant
1108 1309 1190 1364 alium
1203 1329 1282 1366 meon
1296 1312 1431 1378 humilem,

372 1408 427 1444 nou
443 1393 627 1447 cothurnatum
641 1393 768 1447 Senecam
782 1409 887 1446 verente
900 1409 928 1444 ae
940 1387 1063 1442 eredidit.
1077 1387 1176 1444 Eadem
1190 1409 1271 1461 opera
1282 1393 1430 1462 reposuisset

373 1469 408 1521 ad
417 1475 553 1539 pistrinum.
571 1473 695 1528 Gronov.
705 1505 745 1516 -
757 1472 845 1525 Dolor.
863 1471 922 1524 MS.
938 1473 1026 1534 8261,
1039 1469 1112 1522 color.
1127 1470 1178 1524 eui
1189 1469 1284 1526 bono?

413 1552 479 1604 853.
494 1552 622 1621 Infantem.
635 1552 820 1617 Florentium,
834 1551 947 1620 insonui,
962 1547 1036 1620 quod
1049 1549 1137 1602 minue
1150 1551 1284 1620 eleganter
1297 1549 1427 1606 diceretur.

414 1631 480 1701 857.
493 1631 595 1685 Ferrum
609 1653 655 1704 per
669 1633 750 1684 ambos
773 1643 920 1687 transactum
932 1629 1014 1701 pedu.
1032 1626 1161 1682 Erudun
1182 1630 1258 1684 verbi
1280 1643 1429 1686 cunctorem

371 1706 493 1770 adhibuit
508 1712 602 1779 Silius,
617 1713 700 1779 xt11,
713 1713 789 1784 376:

553 1851 692 1900 bellatorem
706 1851 784 1898 alacer
800 1865 844 1912 per
860 1858 955 1912 pectora
968 1849 1073 1910 muaigit
1089 1862 1174 1894 ensem.

371 1984 460 2049 Quare
472 2004 530 2041 nou
544 2005 649 2040 necesse
666 2001 705 2040 eat
722 2006 784 2041 cum
795 1985 904 2039 Heinsio
921 1985 1034 2040 rcribere
1049 1996 1182 2036 truncatura
1196 2001 1247 2054 pro
1268 1995 1418 2036 transactura.

409 2064 475 2121 858.
490 2067 605 2138 ligabat.
623 2061 680 2120 MS.
701 2066 792 2135 8030,
808 2067 919 2138 Qatnu.

408 2158 480 2220 863,
495 2159 561 2222 864.
575 2177 675 2212 erton.
688 2160 739 2210 Per
747 2171 796 2210 tum
805 2169 915 2210 eruentus
927 2177 987 2210 uera
999 2170 1135 2231 qrroeturttur
1147 2159 1223 2208 uias?
1236 2157 1337 2226 Ignosce
1347 2175 1431 2228 quoese.

369 2250 430 2289 cao.
448 2237 477 2290 Si
490 2238 575 2305 serus,
593 2251 643 2294 etc.
658 2239 746 2309 Vulgo
761 2239 912 2309 legebatur,
928 2234 1074 2292 secuudum
1094 2254 1204 2304 omnes,
1218 2248 1248 2289 ut
1267 2237 1390 2300 fatemur,
1408 2247 1433 2288 et

368 2313 448 2369 codd.
461 2329 487 2372 et
503 2315 589 2373 editos
607 2339 613 2370 ι

1032 2415 1109 2462 fldem.

628 2481 673 2526 Per
684 2487 731 2524 tam
743 2489 850 2526 cruentae
861 2495 915 2526 vera
928 2482 1040 2541 quaerenti
1047 2477 1095 2523 viar

631 2541 729 2600 Ignosce
738 2556 831 2602 quaeso,
842 2541 861 2586 si
872 2541 935 2588 ierne
946 2540 1028 2589 videor
1037 2539 1093 2594 tibi,

628 2603 658 2648 Er
669 2605 799 2664 impotem,
813 2612 857 2649 ete.

368 2728 467 2783 Omnia
485 2732 536 2784 rub
556 2729 662 2803 OEdipi
681 2750 805 2803 persona.
830 2732 885 2786 Noe
902 2732 1077 2792 felicissimam
1097 2732 1186 2790 uouit
1201 2732 1395 2788 correctionem
1410 2745 1436 2785 et

365 2827 538 2882 personarum
552 2808 758 2883 descriptionem
772 2811 892 2884 accipere
902 2831 955 2868 nun
966 2809 1154 2868 dubitavimus.
1169 2813 1236 2866 Nam
1247 2851 1256 2880 ,
1267 2826 1299 2866 ut
1314 2810 1434 2884 ejusdem

364 2890 451 2944 rerbie
463 2903 579 2952 utamur,
597 2890 662 2964 quid
675 2892 777 2956 attinet,
793 2893 862 2964 ipaas
878 2894 934 2948 vias
949 2910 1009 2946 ruas
1021 2890 1110 2946 dicere
1121 2905 1242 2946 cruentas
1252 2891 1264 2946 i
1275 2904 1302 2948 et
1314 2929 1322 2958 ,
1335 2893 1381 2946 fac
1394 2891 1436 2944 di·

364 2969 448 3034 xieee,
466 2987 514 3024 cur
525 2967 678 3025 dubitanter
692 2969 769 3026 addit
786 2990 795 3025 r
816 2996 829 3020 a
845 2973 867 3026 ai
882 2973 954 3026 ferae
969 2971 1062 3029 videor
1080 2971 1155 3025 tibi?
1172 2997 1183 3020 ι
1200 2971 1276 3037 iam,
1288 2972 1351 3043 quia
1365 2972 1436 3025 ierat

365 3060 498 3104 tormenta
521 3049 704 3116 minitantem,
724 3052 872 3122 subjicere,
896 3055 992 3121 ignosce
1007 3058 1112 3124 quare?
1128 3051 1225 3106 Haecne
1237 3070 1280 3106 res
1293 3070 1339 3118 ea,
1353 3069 1437 3122 qnam

364 3127 498 3198 ignoscas?
507 3130 626 3192 Delrius,
640 3149 696 3186 nou
707 3131 817 3184 omuino
835 3129 945 3202 quidem
954 3125 1031 3185 dubie
1039 3130 1181 3196 consentit,
1191 3129 1237 3186 sed
1247 3144 1337 3185 tamen
1348 3131 1438 3184 Phoe

362 3207 449 3262 bautie
464 3227 603 3280 personum
616 3211 695 3264 biset
709 3210 766 3282 ipre
776 3211 895 3265 vemibm
904 3211 1052 3276 interserit,
1070 3224 1098 3264 et
1112 3211 1228 3282 integros
1237 3229 1346 3274 veretra,
1361 3213 1439 3274 eut,

365 3285 420 3341 865
436 3288 461 3340 ei
476 3285 580 3342 tribuit.
591 3291 729 3362 Improbat
740 3290 905 3355 Gronovius,
920 3303 946 3346 et
957 3310 987 3344 ea
997 3290 1089 3346 Delrio
1102 3290 1262 3361 objicitque
1274 3303 1373 3344 contra
1387 3309 1439 3343 nus

363 3367 517 3437 objecisset,
529 3381 556 3422 et
567 3388 627 3441 quae
641 3368 769 3423 debemur
787 3370 896 3424 referre.
918 3396 929 3419 ι
943 3370 1101 3424 Phorbantis
1111 3370 1168 3426 brec
1182 3388 1236 3423 nou
1250 3383 1368 3441 pomum
1379 3388 1439 3422 ease

363 3445 458 3512 verba,
472 3447 523 3500 nisi
543 3460 615 3502 vatee
632 3461 688 3502 erat
704 3448 805 3504 Tiresia
824 3449 986 3521 promptior.
1004 3447 1085 3504 Unde
1100 3462 1202 3520 poterut
1215 3449 1259 3504 iile
1271 3449 1342 3504 acire
1355 3469 1442 3522 para·

362 3535 416 3578 tem
431 3527 491 3582 iore
505 3527 634 3582 ultionem
646 3529 743 3584 istam?
754 3529 842 3588 uude,
855 3547 970 3602 puerum
984 3528 1060 3584 illum
1078 3528 1168 3596 iniere,
1184 3529 1293 3600 quicum
1311 3529 1376 3598 ipse
1396 3531 1442 3582 lo·

362 3605 510 3676 quebaturi
520 3625 582 3660 nam
599 3607 673 3680 quod
694 3608 823 3664 detrectat
841 3609 931 3676 fateri,
944 3627 959 3662 a
971 3609 1069 3680 quibas
1086 3609 1215 3663 infantem
1234 3609 1397 3680 acceperit,
1412 3609 1444 3664 in

361 3685 460 3754 regine
480 3685 544 3738 iacit
560 3688 680 3755 gratiam:
699 3689 771 3760 Ergo
793 3689 882 3744 omnia
899 3690 1089 3744 continuentur
1101 3690 1134 3742 ab
1151 3686 1271 3759 OEdipo,
1283 3691 1340 3758 jam
1362 3702 1446 3742 certo

361 3781 415 3816 sua
429 3764 599 3830 calamitatis,
614 3779 654 3830 et,
669 3781 699 3822 ut
711 3769 756 3822 itte
773 3769 807 3821 ait
819 3807 827 3834 ,
838 3769 997 3822 terebratum
1014 3766 1199 3840 pertundente.
1212 3767 1305 3820 Patere
1317 3785 1371 3820 me
1389 3767 1446 3821 tibi

360 3842 443 3897 instar
462 3844 512 3896 teri
534 3856 562 3896 et
578 3844 731 3916 impotentis
746 3849 852 3918 tyranni
870 3849 1001 3921 imperare
1021 3867 1029 3902 t
1050 3865 1136 3920 prope
1157 3860 1197 3902 eet
1219 3847 1270 3900 tibi
1286 3847 1448 3912 solatium,

360 3923 427 3976 mibi
440 3941 527 3995 poene.
539 3922 698 3980 Providebat
711 3927 798 3992 enim,
813 3929 834 3981 si
848 3946 939 3982 verum
961 3927 1076 3992 diceret,
1086 3924 1158 3999 quod
1170 3927 1231 3982 eatis
1241 3929 1447 3998 exspectabat,

358 4003 460 4056 nnllam
476 4001 636 4058 dubitationi
650 4006 778 4060 latebram
793 4007 915 4062 relictum
928 4007 971 4064 iri.
982 4006 1014 4060 ld
1027 4007 1101 4078 quod
1114 4007 1199 4060 statim
1213 4009 1310 4062 evenit.
1322 4033 1337 4054 ι

401 4081 467 4138 tot.
479 4081 591 4150 Parata,
608 4097 659 4140 eto.
677 4086 755 4140 Bntlr.
769 4087 850 4140 aiam
869 4100 944 4160 parta
956 4087 1071 4144 vindicta
1087 4106 1094 4142 :
1114 4087 1143 4140 iu
1157 4105 1238 4142 manu
1251 4099 1300 4143 est.
1312 4111 1326 4132 ι
1349 4087 1405 4142 Sic
1421 4101 1452 4142 et

359 4161 414 4230 fere
423 4163 483 4217 MS.
497 4163 583 4236 6377.
