3008 5158
341 511 387 596 ol
631 511 671 578 n.
698 511 873 580 ruitur
900 511 1115 582 sunnon

388 637 550 720 Oberrat,
571 634 663 702 omui
682 647 775 727 parte
794 647 953 704 terrorem
974 659 1109 704 movens
1129 663 1138 704 ε

386 750 466 820 Nou
487 744 581 815 licuit
597 741 685 814 ultra
707 743 846 838 fugere:
866 769 945 814 num
963 759 1059 814 torvo
1076 746 1196 815 obvius

386 856 534 927 incurrit
548 879 607 922 ore
622 854 776 948 corniger
796 855 893 949 ponti
912 855 1080 925 horridus.

385 971 471 1037 Tum
491 991 570 1034 vero
590 963 709 1061 pavida
728 964 906 1059 sonipedes
924 981 1035 1035 mente
1055 967 1155 1034 exciti

385 1077 529 1171 imperia
550 1073 701 1161 solvunt,
722 1099 825 1167 seque
843 1072 1016 1143 luctantur
1033 1076 1116 1170 jugo

385 1189 542 1281 Eripere,
567 1185 715 1280 rectique
733 1184 766 1252 in
789 1183 891 1277 pedes
907 1183 1037 1277 jactant
1058 1209 1153 1254 onus.

383 1298 532 1390 Praeceps
547 1295 582 1364 in
602 1317 661 1362 ora
680 1293 793 1380 susus,
813 1292 981 1388 implicuit
1001 1293 1125 1364 cadens

383 1407 519 1499 Laqueo
541 1404 648 1473 tenaci
667 1427 811 1496 corpus;
828 1418 862 1471 et
881 1418 1008 1497 quanto
1024 1404 1130 1498 magis

383 1520 533 1610 Pugnat,
552 1538 712 1608 sequaces
727 1513 791 1582 hoc
814 1514 921 1608 magis
939 1513 1047 1583 nodos
1073 1512 1164 1608 ligat.

384 1627 523 1696 Sensere
546 1609 689 1718 pe'cudes
710 1621 859 1710 facinus,
880 1637 914 1692 et
935 1649 1037 1694 curru
1058 1622 1139 1710 levi,

386 1734 592 1806 Dominante
611 1731 721 1820 nullo,
740 1758 806 1827 qua
826 1735 928 1803 timor
942 1736 1062 1830 jussit,
1080 1751 1192 1806 ruunt.

386 1845 479 1917 Talis
498 1870 559 1940 per
576 1869 692 1930 auras,
711 1869 780 1914 non
802 1869 900 1914 suum
920 1869 1105 1940 agnoscens
1123 1870 1226 1931 onus,

387 1955 524 2050 Solique
542 1952 625 2022 salso
641 1953 806 2023 creditum
831 1953 1009 2048 indignans
1025 1954 1131 2042 diem,

387 2065 596 2138 Phaethonta
613 2088 732 2133 currus
750 2064 847 2134 devio
864 2065 1008 2135 excussit
1028 2064 1115 2160 polo.

386 2179 470 2246 Late
488 2189 643 2245 cruentat
661 2197 756 2261 arva,
779 2189 812 2242 et
832 2171 956 2244 illisum
977 2189 1078 2269 caput

387 2284 540 2380 Soopulis
561 2283 719 2354 resultat:
738 2284 895 2354 auferunt
915 2285 1007 2354 dumi
1028 2309 1162 2356 murus:

389 2401 432 2468 Et
448 2419 508 2464 ora
527 2393 632 2462 durus
649 2391 788 2488 pulchro
804 2392 988 2488 populatur
1005 2392 1112 2488 lupis:

386 2506 544 2598 Peritque
562 2500 668 2572 multo
686 2502 822 2572 vulnero
841 2503 958 2574 infelix
981 2503 1094 2573 deuon·

386 2612 591 2686 Moribuuda
606 2611 727 2682 oeleres
745 2614 893 2682 membra
912 2611 1113 2708 provolvunt
1130 2627 1219 2682 rotae.

387 2724 603 2816 Tandemque
621 2737 756 2816 raptum
775 2736 914 2794 truncus
930 2723 1082 2792 ambusta
1101 2721 1181 2791 uude

383 2880 466 2934 108².
476 2875 570 2928 Pavido
581 2889 673 2942 mente,
688 2893 798 2946 pavore.
811 2909 851 2918 —
942 2893 1019 2945 1090.
1038 2877 1095 2928 Nou
1114 2896 1180 2929 saron
1195 2897 1325 2948 agnoscens
1339 2897 1412 2932 om.

342 2959 443 3019 Eum.
458 2953 573 3010 excitati.
895 2953 1020 3020 Ovidius,
1033 2955 1099 3008 hlet.
1110 2957 1152 3020 11,
1174 2961 1224 3011 161
1239 2979 1245 3009 :
1266 2955 1337 3012 «Sed
1350 2959 1415 3012 lere

383 3035 465 3092 1085.
478 3035 570 3099 Fusus,
579 3033 743 3089 deturbatur.
754 3035 852 3088 Obser·
895 3033 1001 3105 pondua
1014 3046 1085 3100 erat,
1099 3054 1149 3089 neo
1163 3035 1237 3107 quod
1248 3055 1416 3109 oognoeuere

340 3117 411 3170 vovit
423 3116 499 3185 plura
507 3111 637 3186 ejusmodi
648 3113 804 3166 Gronovius
814 3113 849 3168 ad
893 3127 1001 3185 ponent
1012 3114 1081 3167 Solia
1093 3115 1170 3185 eqni,
1180 3130 1230 3169 eto.
1242 3141 1253 3163 ι

340 3197 454 3250 Livium.
466 3195 551 3266 Cujun
565 3193 641 3246 etiam
657 3193 776 3263 phruiu,
789 3221 800 3240 ι
809 3193 848 3247 ef·
937 3193 1157 3264 1091.Solr'sulso.
1172 3195 1347 3258 Phaethonti,
1357 3199 1414 3268 qui

339 3274 418 3332 luudi
425 3293 508 3346 equo,
520 3299 532 3322 ι
544 3273 592 3328 lib.
601 3273 636 3337 X,
649 3289 679 3326 11
692 3291 699 3324 :
716 3299 728 3320 ι
738 3273 853 3344 ahrapi·
897 3273 975 3338 saluo,
991 3273 1129 3344 illegitimo
1140 3277 1217 3345 jure,
1229 3277 1268 3328 rol
1280 3288 1354 3336 erat,
1367 3297 1416 3330 so-

338 3354 375 3409 do
386 3373 464 3408 curru
478 3351 681 3423 circumagendo
699 3370 768 3424 equo
780 3353 849 3405 elfu-
895 3353 928 3406 lia
941 3365 1029 3424 purten
1045 3355 1197 3425 occupabat.

338 3453 398 3498 aun
414 3459 425 3480 ι
441 3433 488 3486 lib.
500 3433 598 3485 xx11:
615 3450 724 3503 «equtu
739 3445 849 3504 repente
937 3433 1134 3503 1092.Cumo,
1144 3453 1195 3504 pro
1204 3433 1267 3504 ipris
1279 3435 1417 3506 equium.

338 3512 449 3575 corruit,
460 3512 648 3582 consulemque
657 3511 759 3582 lapsum
769 3531 850 3583 super
893 3512 1126 3580 miton-Deoia,
1135 3532 1188 3585 quo
1198 3515 1256 3585 ipae
1266 3513 1417 3570 Phaethon

197 3641 204 3654 ,
297 3655 299 3660 ,
336 3589 847 3664 oeputeliudit.·Virg.praeterea,AEn.
893 3591 988 3646 devius
1004 3594 1118 3646 errabat.

336 3672 384 3725 lib.
394 3671 463 3734 VII,
473 3672 529 3739 780
541 3687 548 3720 τ
564 3669 621 3721 -Et
632 3671 755 3741 juvenem
773 3689 848 3726 mon·
937 3673 1020 3742 1093.
1031 3672 1157 3725 cruentat.
1171 3672 1348 3743 Hippolytus.

337 3751 399 3806 atria
409 3747 500 3820 pavidi
516 3746 636 3802 effudere
649 3749 768 3802 murinis.
782 3777 793 3797 ·
937 3753 1019 3822 1095.
1027 3753 1174 3821 Populator,
1184 3753 1294 3817 lacerat,
1303 3751 1422 3826 diripit.

381 3830 462 3884 1086.
475 3828 588 3898 Laqueo,
601 3828 665 3881 loris
678 3846 816 3900 equorum.
938 3838 1017 3900 1096.
1035 3833 1126 3898 Infelix
1142 3832 1222 3885 decor.
1239 3831 1293 3896 Qui
1306 3834 1424 3890 seilicet

380 3911 461 3978 1087.
476 3908 594 3978 Pugnat,
608 3905 694 3960 nodos
709 3905 794 3961 tendit
804 3907 845 3961 di·
895 3911 1056 3981 principium
1069 3912 1120 3964 suit
1133 3911 1279 3966 novercalia
1293 3915 1401 3968 amori·
1411 3955 1424 3982 ,

335 3989 442 4044 vellere.
894 4003 921 4043 et
933 3987 1001 4042 odeo
1018 3989 1127 4044 excidii.

378 4069 458 4123 maa.
475 4065 594 4130 Facinus,
608 4066 683 4133 heri,
697 4066 798 4120 auilioet
811 4069 845 4120 ab
936 4072 1007 4139 1098
1016 4087 1070 4140 aeq.
1083 4071 1348 4142 Tandemqumptum,
1357 4088 1424 4136 ete.

333 4149 395 4218 ipsiu
409 4146 551 4202 deturbati.
892 4147 957 4214 flia,
966 4149 994 4202 ni
1007 4150 1134 4216 fallimur,
1145 4149 1348 4222 intelligendum
1361 4167 1428 4247 est,
