3008 5158
401 501 465 572 172
695 482 733 548 L.
762 481 926 549 ritum
949 481 1165 550 seruere

442 627 496 671 cr.
514 607 636 674 Tacere
655 600 772 672 liceat:
791 600 881 670 nulla
901 602 1038 671 libertas
1060 603 1170 670 minor

444 715 567 806 Arege
589 712 723 807 petitur.
741 735 815 781 (ευ.
836 712 929 805 Saepe
948 710 996 779 vel
1016 709 1130 806 lingua
1148 715 1252 808 magis

444 823 527 914 Regi
547 835 645 916 atque
667 847 769 914 regno
792 834 884 889 muta
902 818 1036 888 libertas
1055 821 1158 890 obest.
1408 845 1437 883 m

443 955 497 1002 cu.
522 931 590 999 Ubi
612 955 680 998 non
699 929 775 998 licet
795 929 1016 1023 tacere,quid
1035 929 1190 1022 cuiquam
1208 927 1310 998 licet?

443 1061 515 1110 mo.
536 1041 680 1134 Imperia
695 1038 810 1126 solvit,
828 1040 885 1132 qui
902 1053 1006 1125 tecet,
1025 1041 1136 1132 jussus
1158 1038 1260 1132 loqui.

443 1175 498 1220 cu.
518 1153 641 1219 Coacta
661 1150 760 1218 verba
782 1147 931 1243 placidus
951 1149 1112 1242 accipias,
1129 1174 1257 1242 precor.

348 1314 352 1323 .
441 1285 518 1330 mn.
541 1258 654 1328 Ulline
671 1283 768 1354 poena
788 1260 877 1327 vocis
897 1283 1057 1352 expressae
1076 1257 1163 1325 fuit?

443 1394 498 1440 cu.
519 1373 578 1438 Est
597 1368 712 1463 procul
734 1370 776 1438 ab
798 1371 881 1438 urbe
899 1366 994 1438 lucus
1017 1367 1146 1437 ilicibus
1163 1369 1269 1462 niger,
1409 1389 1439 1427 m

442 1481 571 1552 Dircaea
594 1479 682 1549 circa
699 1477 793 1548 vallis
814 1479 947 1572 irrigue
964 1477 1046 1548 loca.

438 1595 625 1684 Cupressus
642 1586 716 1657 altis
734 1614 884 1657 exserens
902 1588 991 1657 silvis
1013 1603 1113 1682 caput

441 1701 578 1769 Virente
597 1724 727 1793 semper
748 1697 863 1793 alligat
884 1713 1004 1768 trunco
1021 1723 1155 1785 nemus3

441 1813 637 1902 Curvosque
653 1808 759 1876 tendit
775 1833 916 1902 quercus
936 1822 968 1877 et
987 1824 1101 1903 putres
1119 1810 1185 1878 situ

442 1923 577 1988 Annosa
596 1942 729 1986 ramos:
750 1917 849 2010 hujus
868 1918 1003 2012 abrupit
1025 1917 1111 1986 lalus

441 2027 534 2098 Edax
551 2042 720 2096 vetustas:
742 2027 796 2095 illa
811 2027 880 2120 jam
903 2027 986 2096 fessa
1005 2027 1125 2096 cadens

440 2137 587 2222 Radice,
607 2136 691 2205 fulta
708 2137 829 2232 pendet
848 2135 954 2205 aliena
973 2137 1076 2206 trabe.

436 2285 499 2340 523.
513 2289 603 2340 Tacere
612 2287 690 2340 lueet.
700 2285 775 2340 Idem
785 2286 840 2340 l'ere
851 2285 905 2340 dle·
948 2285 1023 2340 vellis
1034 2287 1150 2340 Dircen.
1163 2287 1203 2338 De
1215 2285 1287 2340 l'oute
1298 2287 1388 2348 Dirce,
1398 2284 1441 2336 rid.

393 2369 468 2437 logus
479 2367 609 2435 repetitur
621 2367 648 2418 in
666 2365 790 2436 tragoedis
812 2367 904 2436 gallice
947 2365 981 2419 ad
997 2367 1104 2419 Hercul.
1127 2365 1190 2418 Fur.
1213 2384 1249 2418 vs.
1265 2371 1321 2433 916
1341 2358 1404 2434 (vol.
1417 2366 1441 2425 l,

394 2457 477 2499 nostr.
493 2445 615 2506 Voltaire,
629 2455 678 2496 σοι.
699 2447 757 2508 111,
771 2463 841 2498 scen.
856 2463 883 2496 rr
896 2463 903 2498 :
948 2463 1008 2516 pag.
1024 2445 1074 2498 1'11
1089 2435 1108 2512 l.

400 2551 412 2574 ι
424 2525 464 2576 Ab
473 2523 480 2574 l
490 2524 511 2576 si
520 2543 584 2576 vous
592 2523 659 2575 m'en
670 2541 779 2596 croyez,
787 2542 821 2576 ue
832 2523 906 2576 m’in-
991 2527 1056 2578 532.
1074 2523 1212 2594 Cupressus.
1228 2521 1397 2596 Singulariter
1409 2520 1443 2572 di-

397 2617 517 2672 terrogcz
526 2621 583 2673 pos.
595 2628 605 2650 ι
620 2600 672 2656 Sed
684 2603 813 2655 loteemor
823 2621 904 2674 opor·
947 2615 1018 2656 ctum
1032 2623 1081 2674 pro
1095 2604 1206 2674 plurali3
1217 2604 1297 2656 scilic.
1312 2604 1392 2656 mults
1405 2621 1444 2654 cu·

397 2695 434 2736 tet
445 2682 528 2734 multo
541 2681 741 2734 convenientius
758 2683 786 2734 in
798 2695 905 2736 auctore
948 2685 1172 2752 pressum-Altis
1182 2703 1289 2734 merem
1299 2684 1364 2735 silvis
1374 2693 1443 2752 caput.

397 2761 492 2834 gallico
521 2761 625 2816 tructos-i
658 2759 726 2814 illud
751 2759 850 2832 OEdipi
879 2774 905 2814 et
947 2763 1165 2834 Attollensceput
1174 2779 1253 2833 supra
1262 2762 1325 2815 altos
1335 2779 1445 2835 quercus,

397 2841 520 2896 Creontis
532 2833 624 2912 (opud
638 2841 804 2907 volturium,
819 2859 904 2894 escer-
947 2860 1006 2913 quo
1017 2842 1044 2896 b.
1057 2842 1075 2894 l.
1087 2841 1260 2894 nominentur
1270 2842 1352 2894 silve.

397 2919 482 2984 dotis)
494 2920 671 2992 colloquium,
685 2939 765 2992 quom
781 2920 807 2972 in
822 2920 903 2974 Sene·
989 2919 1054 2974 533.
1069 2922 1168 2990 Allr'pm
1182 2934 1266 2972 trunco
1282 2939 1369 2976 mmor.
1390 2919 1445 2972 Ciu-

397 3018 441 3060 ca,
459 3001 506 3052 ubi
521 3001 627 3071 languet
646 3003 730 3070 major
745 3017 806 3070 pers
824 3000 905 3053 totius
947 2999 1448 3072 guntetqussiincluduntnemustruo·

394 3079 575 3150 bujusscenee.
947 3079 984 3132 cis
995 3079 1058 3132 suis.

437 3159 504 3221 524.
530 3158 578 3210 Vel
599 3158 683 3226 lingua
710 3160 795 3226 magis.
820 3157 904 3228 bingis
988 3157 1054 3222 534.
1066 3159 1174 3227 Quercus
1183 3157 1447 3212 mussemutinae

395 3237 473 3290 etiem
486 3255 565 3307 quam
575 3237 662 3306 lingua
670 3259 677 3300 ;
686 3248 712 3289 et
722 3237 850 3290 ablativus
859 3240 904 3289 llo-
947 3257 998 3292 uns
1007 3256 1132 3309 quercus,
1142 3257 1201 3311 qum
1212 3239 1267 3310 ipss
1276 3255 1384 3310 quoque
1395 3255 1448 3306 par·

393 3335 444 3386 guo
456 3316 554 3387 regitur
564 3314 690 3369 adverbio
703 3319 796 3385 magis,
810 3318 904 3370 subeu-
946 3329 986 3371 tes
998 3330 1109 3388 occupet
1129 3319 1157 3370 in
1172 3319 1251 3371 sacris
1267 3318 1412 3388 mysteriis,
1424 3327 1447 3366 et

396 3394 453 3448 dito
463 3416 527 3466 pra.
798 3399 802 3410 '
945 3415 1004 3469 qun
1015 3397 1097 3459 infru,
1111 3397 1165 3460 542
1177 3417 1216 3468 sq.
1230 3397 1299 3460 546,
1314 3397 1386 3460 ⁵58,
1397 3413 1451 3466 per·

438 3476 505 3529 525.
520 3475 591 3526 Muta
606 3475 703 3527 llbereos
716 3477 790 3529 obest.
802 3477 825 3529 1.
837 3494 860 3529 e.
873 3476 904 3528 li·
945 3476 984 3547 git
999 3475 1136 3547 designari.
1148 3509 1188 3520 -
1199 3475 1306 3540 curm,
1322 3493 1381 3528 aevo
1397 3473 1450 3526 loti·

395 3555 482 3607 bertss
498 3552 602 3606 tacendi
617 3567 704 3608 nocet.
945 3569 1056 3610 scentes.
1070 3553 1182 3622 -Stm,
1197 3555 1337 3628 lanugine,
1354 3571 1450 3607 musco.

435 3633 500 3703 ⁵²7·
525 3633 629 3703 Imperio
651 3636 731 3688 solvit.
755 3635 901 3707 Imperium
974 3635 1051 3689 ¹⁵35.
1064 3638 1177 3699 Arnosa,
1187 3649 1290 3706 gravate
1301 3635 1395 3700 annis3
1410 3651 1453 3703 po

397 3710 537 3768 detrectet.
552 3730 606 3765 non
621 3725 704 3784 paret.
946 3715 997 3768 tius
1014 3733 1093 3787 quum
1104 3715 1199 3779 vivex,
1219 3727 1250 3767 ut
1263 3714 1379 3785 explicat
1392 3713 1452 3764 For·

436 3789 501 3860 529.
511 3791 653 3862 Expressa,
662 3811 710 3863 per
721 3793 775 3845 vim
785 3806 900 3848 extorto.
945 3794 1048 3847 bobius.

435 3871 503 3926 530.
519 3871 615 3922 Procul.
635 3873 735 3943 Accipi‘
745 3871 850 3925 videtur
869 3891 901 3926 eo
987 3873 1052 3928 536.
1064 3873 1137 3926 Fessa
1152 3873 1248 3939 radice,
1260 3871 1398 3927 redicibus
1412 3889 1453 3922 ve-

393 3951 453 4006 loco
467 3969 517 4022 pro
531 3969 578 4002 non
594 3955 628 4002 ila
645 3951 724 4021 longe.
945 3965 1039 4006 tuststc
1052 3953 1170 4006 minutis.

434 4031 501 4084 5³1.
515 4031 614 4084 Dircoea
626 4034 691 4082 cirea
704 4031 765 4084 coll.
781 4043 829 4083 etc.
843 4032 901 4103 Hy·
986 4031 1051 4102 537.
1075 4033 1180 4098 Pendet,
1202 4051 1252 4086 nec
1271 4034 1325 4103 jam
1343 4043 1405 4084 stet.
1418 4058 1455 4069 --

393 4111 495 4183 psllsge
509 4123 561 4180 est,
573 4129 639 4182 pro,
652 4111 720 4164 circu
733 4111 791 4164 loce
800 4111 900 4182 irrigue
946 4112 1022 4165 Fulra
1031 4112 1109 4164 alienu
1123 4113 1197 4166 trabe.
1212 4113 1346 4165 Proxime.
1356 4107 1456 4164 arboris
