3008 5158
372 466 439 537 108
680 469 729 538 IN
755 467 1110 538 HIPPOLYTUM

368 617 412 650 res.
422 597 501 650 Fern.
517 609 543 650 et
551 595 632 651 Csiet.
647 599 716 652 «Det
726 597 816 651 faciles
824 617 926 653 eures.-
937 599 1057 654 Fortasse
1066 599 1133 663 tuit,
1145 623 1157 644 ι
1167 597 1255 651 nciln
1264 596 1309 650 det
1319 616 1418 663 aures,-

370 675 444 748 qnod
455 677 559 748 vulgato
573 695 626 730 nou
641 676 856 732 detestantium.

409 760 475 818 416.
489 758 592 810 Inneete.
605 757 661 828 Atii
673 758 722 828 leg.
736 759 837 812 inverte.
854 757 977 830 Mogont.
992 757 1132 829 Herbipoi.
1152 767 1179 808 et
1192 767 1244 809 tres
1253 757 1358 810 Veneti.
1375 755 1421 810 sed

369 839 469 901 innecte,
475 834 548 908 quod
557 836 584 888 in
592 848 666 890 tanto
678 837 754 890 MSS.
766 855 903 902 consensu,
911 838 994 890 miror
1004 855 1052 890 cur
1062 836 1229 901 Basiieensen
1238 837 1267 888 ni
1275 836 1362 900 fallor,
1373 836 1422 907 pti·

368 915 406 968 rui
425 916 560 970 mutarint.
569 916 634 968 Vult
651 916 790 988 Hippolyti
808 917 925 970 inimum
944 917 971 969 in
992 917 1090 970 umoris
1105 916 1172 969 retia
1184 916 1313 988 pertrahi.
1330 920 1421 986 Aptnm

368 995 528 1048 vocabulum
539 995 665 1049 venetrici
677 1015 707 1050 uc
716 998 843 1050 venatori.
859 997 992 1050 Dnnnrus.

413 1078 480 1138 418.
499 1073 541 1127 Sic
556 1087 579 1128 ts
592 1075 665 1128 lucidi
676 1075 759 1130 uultus
766 1077 859 1144 semor.
878 1075 957 1130 Both.
976 1086 1063 1130 censet
1082 1075 1133 1148 legi
1153 1091 1230 1148 posse
1251 1093 1289 1128 ts.
1308 1086 1329 1128 t.
1347 1072 1423 1126 lucidi

371 1172 465 1208 currus
479 1155 580 1222 {eraut;
595 1180 606 1201 ·
627 1167 654 1207 et
670 1173 766 1226 parum
783 1155 869 1209 obfuit
882 1155 946 1226 quin
967 1153 1094 1210 audacter
1110 1157 1137 1208 in
1158 1167 1257 1207 tentum
1273 1153 1424 1207 inferremus

371 1251 430 1306 qun
442 1231 567 1288 undanter
583 1245 610 1286 et
626 1235 834 1306 ingeniosissime
846 1235 962 1290 refinxit.
976 1233 1077 1288 Audies
1089 1234 1189 1288 seilicet
1200 1234 1286 1305 ipsum
1301 1253 1308 1286 :
1328 1258 1339 1279 ι
1351 1233 1423 1302 volgo

370 1331 462 1366 omnes
473 1334 478 1364 ι
492 1313 530 1366 sic
542 1323 569 1366 te
581 1312 664 1366 lucidi
676 1315 758 1368 uultus
769 1314 870 1380 ferant,
885 1313 957 1387 qnod
970 1313 1038 1386 quid
1053 1315 1103 1368 sibi
1120 1314 1199 1380 velit,
1211 1313 1267 1367 scio
1278 1331 1340 1366 cum
1357 1312 1423 1382 igm-

370 1391 493 1446 rissimis:
504 1411 566 1448 nem
580 1393 639 1465 quis
652 1393 743 1448 audiet
755 1395 957 1464 interpretantes
971 1411 979 1446 s
993 1395 1030 1446 sic
1042 1393 1130 1447 lucide
1143 1394 1250 1464 fulgens,
1262 1411 1366 1464 precor.
1378 1403 1423 1443 etc.

370 1472 433 1524 novi
452 1484 478 1525 et
492 1473 548 1526 hnc
559 1472 670 1539 similis,
685 1474 744 1526 dore
761 1473 876 1526 elassibus
889 1485 998 1537 austros,
1017 1473 1063 1527 sed
1083 1486 1113 1526 ut
1125 1472 1286 1540 voitussem
1297 1471 1424 1534 dicemus,

369 1553 509 1618 nonsem',
523 1549 551 1604 id
563 1551 671 1622 quidem
683 1555 746 1625 pius
756 1571 835 1626 quem
845 1553 1036 1610 ὕπαλλακτιιιόν.
1052 1551 1198 1620 Quomodo
1209 1552 1254 1623 qui
1266 1552 1370 1604 locutus
1380 1550 1424 1612 sit,

369 1629 433 1683 dnm
451 1632 510 1704 quis
519 1634 638 1703 proferet
652 1646 785 1687 auctorem
798 1633 939 1696 idoneum,
955 1633 1060 1686 interim
1073 1634 1158 1703 legum
1169 1648 1176 1684 ε
1188 1633 1226 1686 sic
1244 1643 1270 1684 te
1281 1629 1363 1685 incidi
1376 1649 1426 1680 esr-

370 1729 410 1762 rus
419 1710 513 1764 ferent.
525 1713 627 1766 Currus
639 1713 732 1766 Dieuc
743 1711 860 1778 lucidos,
871 1710 1014 1776 condidus,
1026 1711 1142 1778 nitidos,
1155 1713 1214 1782 quis
1226 1729 1279 1764 non
1294 1709 1378 1764 dixit?
1388 1709 1425 1762 Ci.

369 1791 412 1844 vel
423 1803 560 1855 nostrum,
571 1809 650 1862 supra
665 1792 731 1858 311,
741 1791 804 1862 788.
815 1794 864 1858 At,
875 1793 979 1864 inquiet
988 1793 1129 1864 quispiam,
1143 1792 1195 1845 hoc
1204 1791 1263 1861 ipso
1274 1791 1345 1855 loco,
1355 1806 1426 1860 quem

371 1861 475 1936 lundis,
487 1870 582 1940 legitur
593 1869 627 1923 de
641 1871 743 1926 Diana:

617 1967 647 2012 Et
656 1981 732 2028 nuper
741 1966 835 2020 rubuit,
847 1965 957 2027 nulleque
966 1965 1050 2012 lucidis

616 2029 695 2075 Nubes
706 2029 824 2076 sordidior
834 2029 936 2074 vultibus
946 2028 1044 2074 obstitit.

369 2124 541 2198 taponaco,
556 2126 647 2180 lucidos
665 2126 723 2181 dere
741 2131 823 2180 uultus
837 2141 907 2182 recte
925 2127 960 2181 ibi
973 2125 1040 2193 dici,
1052 2125 1125 2180 unde
1136 2127 1190 2179 hnc
1201 2125 1320 2197 primum
1330 2165 1337 2189 ,
1346 2137 1375 2178 ut
1387 2125 1426 2188 fit,

370 2206 520 2276 transcripti
537 2206 607 2260 inter
622 2207 719 2271 tineos,
731 2227 792 2262 mox
803 2209 831 2262 iu
842 2209 930 2278 ipsum
940 2206 1060 2260 ordinem
1075 2206 1176 2278 recepti
1186 2225 1242 2258 esse
1255 2203 1401 2258 rideantur.
1414 2229 1424 2249 ι

412 2287 478 2348 413.
495 2285 581 2340 Fam.
592 2287 671 2340 Fern.
681 2285 765 2340 Caiet.
775 2287 969 2355 Ascenssnset,
981 2299 1010 2339 nt
1021 2287 1142 2358 plerique
1153 2303 1246 2338 omnes
1257 2281 1337 2338 codd.
1350 2285 1425 2338 Grut.

365 2375 397 2428 ,et
410 2364 504 2418 Delrii.
517 2365 699 2419 Nihiiominue
710 2367 831 2436 ineptum
846 2385 901 2419 esse
911 2365 1026 2420 decimet
1037 2367 1158 2420 Bothins.

412 2445 477 2506 428.
494 2443 601 2504 Ausim.
615 2443 694 2498 Fern.
710 2445 800 2498 anun.
813 2447 919 2498 Ascens.
930 2445 1006 2500 edin.

410 2521 473 2589 439.
482 2523 629 2594 Rejiciebet
638 2525 709 2577 hnnc
724 2543 827 2578 versum
839 2525 963 2596 Scaliger,
974 2522 1048 2596 qnod
1058 2523 1202 2578 absordum
1219 2533 1326 2594 putaret
1337 2539 1426 2591 punam

369 2620 419 2672 pro
430 2601 521 2654 labore
530 2603 654 2672 improbo
664 2623 694 2657 uc
704 2604 800 2658 misero
813 2603 875 2657 dici.
886 2635 924 2650 -
936 2605 1036 2658 Damas.
1049 2605 1121 2658 Beue
1132 2604 1169 2657 sic
1184 2604 1210 2656 in
1223 2603 1300 2654 Voss.
1312 2619 1363 2672 pro
1373 2619 1429 2670 pro·

372 2680 436 2734 sibus
447 2699 543 2750 pesas,
557 2680 630 2753 quod
642 2684 766 2738 exhibent
779 2683 872 2756 quidd.
890 2685 986 2756 inepte.
1003 2683 1141 2737 Ascensins
1151 2701 1158 2736 :
1169 2705 1180 2726 ι
1190 2682 1238 2735 tui.
1252 2679 1327 2748 Quid
1341 2693 1366 2732 te
1377 2681 1428 2749 ipse

370 2760 455 2832 posuis
475 2761 599 2832 previbus
618 2763 728 2816 infestus
746 2761 860 2818 domus?
873 2790 884 2812 ι
901 2777 929 2818 et
944 2761 1066 2818 similiter
1080 2761 1237 2835 legendum,
1248 2759 1360 2832 conjicit
1373 2758 1427 2810 Nic.

371 2839 515 2894 Heinsius:
537 2867 549 2890 n
600 2843 647 2897 tui.
661 2844 723 2910 Quo
739 2855 766 2897 te
778 2844 836 2916 ipsu
853 2863 880 2917 p.
892 2863 918 2914 g.
933 2843 951 2896 i.
963 2841 991 2897 d.
1007 2869 1017 2890 ·
1041 2842 1093 2896 Sed
1108 2855 1223 2897 rectene
1237 2839 1429 2909 hebetvnlgsts

368 2918 456 2976 lectio.
1140 2945 1144 2954 ·

410 3007 472 3064 44ο.
484 3001 531 3054 un
545 3020 597 3054 cun
610 3003 683 3054 ont·
692 3003 813 3075 nituisse.
823 2999 899 3054 MSS.
919 3001 1007 3071 6377,
1025 3002 1112 3065 8026,
1128 2999 1224 3066 etalii,
1236 3024 1248 3045 ι
1259 2996 1308 3052 hie
1324 2995 1429 3070 quidem

372 3080 442 3133 vivut
460 3080 550 3144 miser,
562 3077 621 3132 »et
638 3077 676 3134 sic
686 3079 772 3152 AEgid.
785 3079 882 3134 Moser.
896 3081 1002 3134 Ascenn
1016 3082 1111 3134 Arent.
1123 3081 1193 3134 Petr.
1209 3077 1315 3150 Gryph.
1329 3077 1428 3129 Febris.

371 3159 501 3214 Commei.
517 3160 595 3214 Grut.
614 3160 700 3232 Rupit.
714 3159 762 3214 sed
775 3162 835 3214 lect.
850 3179 929 3232 quem
942 3161 1092 3232 recepimus
1102 3172 1210 3213 tuentur
1220 3170 1247 3212 et
1259 3155 1354 3230 qnidd.
1368 3173 1431 3227 qno-

371 3257 423 3308 que
442 3239 518 3292 MSS.'
530 3251 557 3292 et
572 3237 633 3292 edd.
649 3252 675 3292 nt
690 3239 718 3294 in
735 3239 829 3312 primis
848 3253 918 3294 reon
929 3240 1012 3310 rotie,
1025 3253 1116 3312 estque
1128 3257 1266 3310 gemmea,
1281 3249 1314 3290 nt
1328 3238 1366 3290 nit
1380 3237 1433 3307 ipse

371 3317 449 3373 Grut.
469 3318 638 3390 provulgatu-

413 3403 477 3462 444.
490 3398 608 3451 Noctibus
609 3399 690 3467 sestis.
701 3397 777 3452 MSS.
789 3400 906 3452 montibus
911 3401 936 3466 s.
945 3400 978 3454 el.
990 3399 1100 3454 notibus,
1110 3398 1184 3453 Nihil
1197 3409 1236 3451 est
1249 3395 1348 3460 nerins,
1359 3413 1434 3466 quum

370 3477 539 3532 scribendum
555 3495 611 3532 esee
622 3477 807 3534 noctibusNid.
818 3491 875 3532 not.

415 3562 481 3628 449.
493 3557 565 3610 Nune
577 3577 658 3612 curm
677 3577 743 3630 repe.
759 3558 856 3612 Nullus
874 3560 929 3612 iere
944 3555 1023 3611 codd.
1039 3572 1084 3611 sut
1096 3559 1172 3612 Mss.
1186 3568 1232 3610 eut
1249 3554 1312 3608 edd.
1325 3573 1379 3608 non
1394 3551 1437 3606 dat

375 3655 437 3689 nune
450 3639 520 3690 lusus
534 3657 559 3690 r.
611 3635 649 3692 id.
666 3638 739 3692 lustu.
760 3638 876 3692 Florent.
889 3640 937 3694 eol.
952 3655 1051 3700 uersus,¹
1064 3651 1090 3690 et
1107 3639 1146 3690 sic
1157 3655 1206 3690 uos
1218 3648 1278 3706 post
1289 3633 1391 3688 Buden.
1407 3631 1437 3685 Id

371 3729 493 3770 ceterum
502 3730 579 3788 postu
608 3731 618 3770 t
627 3718 705 3784 ratio,
714 3737 797 3790 quum
807 3730 943 3790 sequetur,
950 3721 974 3771 E
969 3718 1061 3786 ffuude
1070 3713 1247 3769 indenunvid.
1257 3727 1313 3767 eut.
1324 3713 1437 3782 exempl.

372 3796 400 3848 in
417 3797 563 3850 notis.Vuit
574 3793 625 3868 legi
637 3797 716 3850 Both.
725 3798 808 3858 lusus.-
820 3815 899 3870 quum
913 3805 1000 3852 veram
1019 3815 1075 3852 esse
1083 3798 1222 3852 lectionem
1239 3793 1382 3848 contendit
1392 3833 1399 3858 ,
1408 3809 1438 3844 ex

370 3893 416 3940 eo,
430 3875 504 3948 qnod
515 3875 656 3946 sepissime
666 3897 678 3928 s
691 3889 717 3930 et
729 3898 747 3930 a
757 3877 840 3932 litera
853 3876 923 3930 inter
936 3895 963 3931 ee
973 3889 1139 3931 commutata
1151 3871 1405 3947 deprehenduntur.

295 3959 301 3970 ’
413 3957 480 4021 454.
494 3957 584 4010 Nenos.
598 3955 728 4028 Proponit
738 3957 766 4010 in
782 3956 854 4009 notis
866 3957 944 4010 Both.
958 3961 1046 4011 enim.

414 4035 479 4106 457.
493 4035 603 4089 Evincas.
613 4035 710 4090 Melius
725 4053 805 4110 quem
821 4040 921 4104 evincit,
932 4036 1095 4110 qnorumdd.
1107 4049 1134 4090 et
1150 4035 1226 4091 MSS.
1240 4029 1344 4087 etedd.
1357 4048 1438 4104 quum

373 4114 406 4168 sit
420 4128 510 4182 antee,
520 4115 596 4168 debit.
1189 4137 1191 4142 ·
