3008 5158
368 558 598 626 OEDIPUS.
626 559 735 627 ACT.
762 559 789 627 1.
1054 557 1117 654 '37

119 681 294 774 Sceptrum,
311 691 344 747 et
366 691 523 772 peremtae
541 679 701 774 Sphingis
715 679 785 748 haec
805 703 929 748 merces
949 679 1058 748 datur.
1081 702 1117 740 ωε

120 812 182 858 mn.
199 786 271 870 tlte,
288 785 344 856 ille
366 787 460 856 dirus
478 784 588 856 callidi
611 789 751 858 monstri
771 789 855 858 cinis

120 901 152 966 ln
168 923 223 967 nos
240 895 376 976 rebellat
393 923 401 965 ε
418 895 473 966 itta
497 923 586 967 nunc
604 899 735 969 Thebas
757 897 826 968 lues

118 1010 250 1077 Peremta
267 1007 402 1104 perdit:
422 1032 489 1076 una
505 1008 575 1101 jam
594 1023 745 1103 superest
764 1007 872 1095 salus,

119 1119 147 1188 Si
165 1144 256 1212 quarn
275 1117 390 1188 salutis
408 1119 553 1189 Phoebus
569 1118 715 1188 ostendit
736 1120 834 1189 viam.

433 1379 731 1472 CHORUS.

200 1603 328 1682 Oc'cidis
349 1610 467 1682 Cadmi
490 1635 647 1704 generosa
667 1607 776 1705 proles

198 1721 286 1792 Urbe
304 1746 380 1790 curn
401 1735 469 1790 tota
487 1747 495 1789 ε
515 1719 632 1789 viduas
648 1719 774 1789 colonis

196 1812 343 1925 Respicis
362 1845 483 1918 terras,
504 1829 691 1900 miseranda
712 1827 833 1900 Thebe.

197 1941 354 2034 Carpitur
371 1938 439 2009 leto
461 1955 539 2008 tuus
558 1937 637 2027 iile,
655 1941 797 2028 Bacche,

81 2141 164 2194 regnu
176 2125 266 2192 tulisti,
275 2125 405 2180 dementis
415 2139 453 2180 est
466 2139 560 2199 optare
603 2139 632 2180 ut
645 2128 683 2182 ait
697 2127 856 2192 Farnobius,
870 2126 927 2198 ipse
938 2126 1048 2197 Apollo,
1061 2129 1111 2181 λοί-

79 2217 174 2258 nortem
601 2227 671 2278 μιος,
689 2207 762 2271 tntu,
781 2207 896 2272 dadum
913 2218 939 2258 et
959 2224 1050 2259 revere
1069 2206 1108 2260 sol

110 2285 558 2350 105.Hoecmeroes.Nonnuiii‚inter
600 2305 659 2340 aera
673 2287 796 2341 rarefacit
810 2299 835 2339 et
848 2296 951 2357 porget.
1062 2317 1067 2336 .

80 2379 130 2430 quos
147 2365 260 2429 Delfica,
281 2384 409 2420 censuere
422 2365 474 2420 hoc
489 2368 559 2421 refe·
643 2383 696 2421 rto
711 2385 769 2440 sqq.
783 2366 849 2432 Quo
864 2365 960 2437 repetit
972 2364 1016 2418 hic
1034 2365 1106 2419 cto·

78 2439 165 2496 rendum
185 2444 216 2498 sd
230 2446 379 2509 domnam,
400 2458 427 2498 et
448 2465 505 2500 eam
530 2467 557 2502 se
598 2465 643 2500 rus
661 2446 695 2501 de
717 2446 797 2518 pestis
811 2445 992 2516 malignitate,
1005 2463 1109 2499 accom-

78 2519 275 2588 ipsamostendere
287 2547 293 2576 ε
305 2525 404 2579 scilicet
412 2523 466 2578 tino
480 2545 555 2582 versu
598 2525 745 2580 modatiora
766 2527 826 2579 ioco
844 2523 970 2578 videntur
983 2543 1063 2597 quern
1079 2525 1106 2577 in

78 2601 175 2671 mplecti
196 2605 309 2657 voluisse
333 2605 458 2658 Senecam
481 2607 556 2676 qnod
599 2625 645 2660 ore
660 2605 774 2678 OEdipi3
793 2606 845 2658 nisi
863 2603 935 2677 quod
950 2604 1047 2658 Seneca
1063 2605 1106 2656 in-

76 2676 151 2750 dupiex
167 2683 256 2737 hahuit
279 2685 418 2755 praemium
433 2685 556 2757 OEdipns
597 2685 702 2740 terdum
722 2687 749 2738 in
767 2683 889 2757 qocdam
903 2685 1046 2738 minutiore
1059 2684 1107 2737 de·

76 2757 173 2834 Sphingis
181 2764 334 2830 interfecte,
341 2777 474 2834 sceptrum
482 2783 557 2818 nem·
597 2764 699 2819 recudit
716 2785 775 2837 que
793 2766 883 2836 potius
902 2763 930 2816 in
944 2765 1036 2833 quovis
1055 2763 1105 2817 siis

74 2852 110 2905 Pts
121 2856 143 2894 et
154 2843 281 2897 Jocastarn
294 2863 412 2897 uxorem.
429 2845 556 2898 Subtilior
597 2845 701 2916 poetica
716 2843 894 2914 descriptione
904 2861 982 2914 quem
1000 2843 1028 2895 in
1046 2841 1106 2895 dre-

74 2917 139 2972 susan
150 2941 196 2976 nec
204 2923 266 2975 satis
275 2923 310 2976 cd
320 2923 455 2996 ingenium
463 2925 556 2996 tragici
597 2937 666 2978 mete
684 2925 773 2977 iocum
794 2913 998 2978 obtineant'-
1020 2920 1108 2974 Cadmi

74 3002 294 3068 acommodatum,
308 3005 354 3074 qui
368 3004 449 3056 soleat
462 3003 554 3058 eadem
595 3023 711 3075 pueros«
730 3004 819 3076 proles.
841 3001 986 3073 Sophocles
997 3037 1005 3060 .
1016 2997 1105 3054 otttr.

72 3077 114 3130 aliis
123 3083 202 3134 verbis
211 3095 363 3136 retrectare.
378 3082 498 3154 intellige
507 3102 555 3155 po·
597 3087 694 3156 rupert.
708 3102 746 3136 vs.
760 3100 789 3136 r:
802 3069 823 3130 ti
835 3084 924 3146 ctera,
940 3075 1048 3150 Κάδμου
1063 3087 1106 3134 τῶ

73 3156 218 3215 titulandis
235 3163 288 3216 hoc
304 3163 419 3234 pretium
434 3163 482 3215 tibi
498 3181 555 3218 sce·
597 3163 676 3218 enitet
687 3166 732 3217 ata
747 3161 832 3234 τροφή.

71 3239 176 3309 ptrtm‚·'
196 3255 237 3306 et,
253 3268 264 3290 ι
276 3254 421 3314 perempta
433 3242 555 3314 Sphingis
641 3263 707 3299 rra.
723 3242 809 3296 Thebe.
829 3239 958 3294 Usitctior
977 3239 1105 3310 pluralis,

70 3315 305 3375 hamam-idem
315 3339 422 3394 prorsus
432 3340 461 3375 ec
472 3339 554 3376 unum
601 3324 698 3376 Thebc.
716 3322 768 3376 Sed
785 3332 812 3375 et
826 3339 923 3374 nomen
941 3319 1106 3391 sumpsissec

69 3395 202 3466 tigridem.
597 3403 681 3456 aeteri
706 3403 751 3455 iila
768 3401 862 3455 Thebe
882 3400 1021 3472 AEgyptie,
1035 3396 1107 3451 unde

99 3495 153 3548 ¹⁰7·
165 3481 284 3534 nectar.
298 3483 459 3547 Monstrum,
472 3497 556 3553 qusn-
597 3482 729 3537 Cadmum
744 3478 888 3533 oriundum
903 3489 1022 3532 asserunt
1036 3497 1105 3531 non-

68 3571 128 3624 quam
149 3573 295 3617 mortuum.
316 3563 343 3614 in
358 3579 406 3614 nos
419 3562 554 3615 funestum
597 3563 678 3628 nulli,
695 3562 782 3632 potius
799 3557 972 3622 crediderim,
989 3575 1068 3628 φιιπι
1091 3577 1105 3612 a

67 3637 254 3692 avit-mu.
271 3640 383 3712 Sphinx.
597 3642 703 3704 Theba,
720 3638 872 3694 Promethei
885 3638 926 3690 vel
939 3637 1022 3708 Asopi
1036 3636 1105 3698 fitis,

97 3721 149 3771 108.
160 3719 412 3790 Jamsnperestrolus,
422 3733 473 3774 etc.
486 3722 554 3775 Nol·
598 3734 627 3774 ot
638 3723 731 3775 volunt
746 3720 797 3772 alii.
812 3720 898 3772 Fine.

64 3789 106 3846 inm
117 3800 163 3868 iam
181 3813 301 3870 superest
319 3801 346 3853 in
362 3813 432 3854 tanta
446 3801 553 3854 calami·
640 3801 693 3854 11³
705 3819 764 3871 sqq.
782 3801 847 3852 'I'uus
860 3799 916 3864 ille,
931 3799 1040 3863 Bocche,
1061 3817 1106 3849 mr·

64 3885 105 3925 tate
118 3879 259 3945 auxilium,
278 3881 330 3933 nisi
348 3880 419 3952 quod
432 3879 554 3934 ostende·
596 3881 639 3944 les,
652 3893 700 3933 etc.
712 3880 830 3933 Bacchus
841 3897 872 3932 ex
883 3880 954 3932 Jove
962 3877 1107 3938 usensis,

63 3951 90 4003 rit
100 3955 224 4020 Phoebos,
238 3961 314 4031 cujus
328 3959 483 4013 sciscitatum
496 3979 554 4013 ora·
599 3959 694 4014 Cadmi
714 3959 768 4012 fitia
783 3972 884 4022 Inatos,
905 3959 1048 4011 exercitum
1072 3971 1107 4008 ex

63 4033 134 4087 colom
148 4038 243 4092 missus
258 4052 296 4093 est
314 4039 392 4093 Creo.
400 4038 470 4092 Vide
490 4052 547 4094 not.
595 4040 659 4093 viris
677 4053 703 4093 et
717 4039 873 4092 mulieribus
890 4035 1022 4090 Thebanis
1040 4053 1105 4086 con·

62 4109 127 4166 adra
143 4116 206 4171 203.
595 4131 707 4173 stantem
719 4118 754 4172 ad
764 4115 935 4189 subigendam
946 4113 1046 4168 Indiam
1059 4111 1105 4165 de-

94 4209 147 4264 ¹09·
157 4195 187 4249 Sr'
194 4217 278 4270 quom,
288 4211 338 4252 etc.
349 4198 463 4252 Phoebus
472 4200 553 4264 enim,
597 4197 681 4252 duxit.
694 4200 896 4258 Thebanorum,
909 4195 954 4266 qui
972 4192 1104 4246 Bocchum
