3116 5172
340 509 413 600 486
637 511 677 578 L.
701 507 874 578 ANNAEI
898 499 1111 575 SENECAE

388 635 533 706 norsrn.
551 633 698 700 Auctore
713 629 842 702 Phoebo
861 628 1006 724 gignor:
1022 624 1111 694 haud
1129 625 1260 720 generis
1275 623 1385 719 pudet.

387 765 486 815 curr.
507 738 670 812 Phoehum
691 737 842 809 nefandae
864 739 976 832 stirpis
998 750 1168 806 auctorem
1187 759 1301 822 vocss5
1366 735 1403 807 id

389 854 500 942 Quem
520 865 617 920 nocte
638 850 747 920 subita
766 847 860 919 frena
882 864 1092 919 revocantem
1112 871 1172 916 sun

390 960 480 1034 Caelo
500 957 684 1056 expulistis.
704 958 798 1051 Quid
817 961 909 1030 Deos
928 959 1053 1055 probro
1071 959 1226 1045 advocas,

388 1073 564 1168 Surripere
586 1069 705 1140 doctus
722 1069 838 1140 fraude
856 1067 1000 1165 geniales
1019 1084 1128 1156 toros,

389 1186 500 1274 Quem
519 1181 651 1254 Venere
668 1194 798 1250 tantum
819 1182 941 1250 scimus
963 1177 1076 1250 illicita
1097 1179 1231 1252 virum?

388 1299 524 1366 Facesse
541 1313 702 1386 propere,
723 1315 762 1360 ac
783 1290 927 1360 dedecus
944 1288 1040 1360 claroe
1060 1288 1179 1358 domus
1364 1307 1403 1350 ³0·

389 1409 533 1500 Asporta
550 1402 592 1471 ab
613 1400 740 1471 oculis:
760 1399 830 1470 hnc
851 1416 944 1471 vacat
966 1402 1056 1496 regia
1073 1401 1158 1471 viro.

390 1537 540 1588 norsrn.
560 1509 685 1582 Exsilia
705 1511 788 1580 milri
807 1527 886 1581 sunt
902 1510 993 1580 haud
1013 1535 1099 1580 nove
1113 1535 1122 1580 ε
1136 1509 1265 1579 assuevi
1283 1505 1383 1578 mulis.

390 1627 426 1698 Si
444 1641 482 1694 tu
499 1625 660 1718 imperas,
677 1623 812 1716 regina,
832 1647 900 1691 non
919 1637 1049 1691 tantum
1067 1620 1168 1691 domo

389 1737 531 1830 Argisve
547 1732 630 1813 cedo
648 1759 657 1800 ε
675 1731 722 1801 nil
743 1757 858 1801 moror
871 1734 966 1826 jussu
987 1748 1046 1802 tuo

388 1846 528 1942 Aperire
547 1843 636 1912 ferro
657 1856 772 1938 pectus
790 1845 947 1912 aerumnis
967 1868 1077 1938 grave.
1365 1863 1400 1903 ss

392 1980 490 2028 cnrr.
507 1952 677 2049 Siquidem
697 1952 762 2021 hoc
780 1969 918 2023 cruenta
932 1952 1097 2049 Tyndaris
1115 1953 1185 2022 fieri
1206 1953 1334 2024 sinam?

391 2069 477 2157 Quae
490 2066 607 2159 juncta
627 2067 757 2156 peccet,
776 2062 874 2132 debet
893 2077 927 2131 et
944 2061 1048 2157 culpae
1069 2063 1181 2133 fidem.

284 2176 288 2186 ’
392 2172 514 2246 Secede
534 2197 662 2242 mecum
687 2173 813 2266 potius,
832 2187 870 2241 ut
887 2197 999 2242 rerum
1021 2189 1144 2243 statum

393 2284 544 2355 Dubium
566 2306 604 2351 ac
622 2266 787 2351 minacem
802 2283 919 2375 juncta
936 2283 1075 2356 consilia
1090 2284 1272 2379 explicent·

488 2485 774 2575 CHORUS
822 2485 1267 2575 ARGIVARUM.

493 2676 629 2762 Crinito,
652 2701 673 2744 ο
693 2677 797 2769 pubes
815 2677 948 2766 inclito,
964 2679 1138 2749 Phoebum.
1359 2691 1396 2730 ³¹·

348 2847 406 2908 'turn
418 2891 427 2920 ‚
439 2843 486 2907 sed
500 2863 526 2905 et
542 2869 625 2922 nepos
636 2849 761 2922 Thyestes
771 2869 817 2920 es;
831 2865 857 2906 te
902 2853 991 2920 Atrei,
1005 2853 1093 2908 fretris
1103 2854 1157 2918 sui,
1168 2871 1279 2906 uxorem
1290 2867 1397 2906 conum·

348 2934 474 3006 quippee
489 2949 536 2986 sue
549 2931 602 2984 fitia
616 2931 713 3002 genuit.
733 2997 735 3004 Ι
902 2951 966 3005 pere
979 2951 1034 2986 non
1047 2931 1188 2987 dubitavit.

392 3020 458 3082 ²94·
478 3014 586 3065 Auctore
610 3011 708 3064 Plato.
734 3009 858 3084 Thyeste
946 3030 1011 3081 ²99·
1036 3015 1112 3083 Quem
1127 3033 1213 3065 venere
1230 3023 1335 3074 ranem,
1352 3019 1394 3080 ete.

348 3091 483 3146 redditum
506 3103 563 3144 eret
589 3089 682 3143 Phoehi
704 3085 858 3158 oraculum,
903 3091 990 3158 Quem
1006 3092 1130 3147 virilitete
1146 3093 1199 3146 frui
1219 3091 1330 3156 scimus,
1351 3106 1397 3141 non

348 3189 428 3242 quem
448 3187 481 3222 ex
495 3169 619 3239 Pelopeia
637 3171 692 3222 filie
707 3185 751 3224 sue
765 3171 858 3242 gigne·
902 3189 933 3224 ex
952 3171 1065 3244 egregiis
1084 3171 1264 3242 animosisque
1282 3171 1332 3224 tuis
1348 3167 1399 3222 leci.

348 3261 406 3314 ret,
421 3249 497 3302 illum
508 3248 541 3320 ab
555 3249 636 3300 Atreo
648 3267 739 3319 poenns
751 3263 858 3303 exectu·
901 3251 1030 3317 noribus,
1049 3249 1096 3304 sed
1117 3249 1301 3305 tantummodo
1318 3269 1348 3302 ex
1359 3247 1402 3300 illi·

346 3347 425 3393 rum3
438 3327 499 3381 ideo
507 3325 589 3380 uliam
602 3345 676 3380 snam
688 3329 858 3398 compressit,
901 3329 960 3384 citis
971 3332 1024 3383 tuis
1036 3329 1215 3403 adulterisque
1226 3329 1366 3382 umoribus.

348 3409 480 3480 eequeilli
493 3405 641 3476 AEgisthum
654 3409 765 3478 peperit.
943 3407 1007 3462 306.
1032 3408 1156 3482 Siquidem
1181 3410 1225 3462 loc
1251 3421 1355 3462 emnia.
1373 3406 1400 3458 ln

392 3487 548 3556 296.an
559 3483 857 3542 manuducentem
902 3501 1007 3542 tentum
1029 3488 1145 3544 crudelis
1161 3509 1223 3552 ero,
1238 3501 1270 3542 ut
1288 3483 1399 3542 boelierl

345 3571 457 3633 currus,
469 3562 767 3620 nevideretnefendcnr
777 3566 858 3640 petris
902 3569 1008 3622 sinens?
1025 3588 1080 3623 non
1100 3569 1194 3642 parier.
1213 3568 1293 3622 Hunc
1308 3579 1399 3620 versun

348 3645 389 3700 tui
403 3664 515 3700 conam.
830 3703 833 3710 ,
900 3661 928 3701 et
954 3662 1104 3720 sequentem
1133 3649 1295 3722 pronuntiat
1323 3646 1400 3716 regin·

390 3744 454 3795 ²97·
471 3726 617 3795 Expulistis.
636 3725 684 3778 Sin
698 3737 726 3778 tu
741 3725 815 3797 ipse,
830 3738 858 3779 nt
900 3727 1065 3796 submissiori
1078 3747 1152 3782 voce.

346 3801 420 3878 berte
438 3805 479 3858 tui
501 3817 624 3876 parentes
643 3818 668 3858 et
690 3805 854 3877 propinqui:
941 3808 1004 3878 3⁰7·
1018 3807 1123 3872 Secede,
1139 3821 1189 3870 etc.
1208 3805 1271 3860 Hae
1290 3805 1357 3860 clera
1374 3799 1403 3855 ed

346 3881 410 3937 ideo
421 3885 518 3955 plurali
530 3901 643 3937 numero
657 3883 752 3950 utitur,
771 3903 854 3938 unum
899 3887 1046 3958 AEgisthum
1059 3887 1192 3940 insititio.

346 3961 483 4034 alloquens
495 3963 657 4035 AEgisthum.
939 3962 998 4021 Act.
1011 3967 1057 4031 11,
1070 3985 1107 4020 sc.
1121 3985 1167 4020 ιιι.
1180 3967 1286 4020 Chorus
1300 3985 1316 4018 e
1332 3962 1407 4034 virgi·

389 4037 856 4114 298.Sorrip.doet.Nuptielestoros
899 4045 978 4099 nibus
999 4047 1141 4118 Myceneis
1166 4059 1192 4099 et
1213 4045 1321 4118 Argivis
1343 4041 1408 4096 ceni'r

346 4119 445 4174 tiolere
466 4120 575 4178 edoctus
598 4141 612 4176 e
634 4133 710 4194 petre
728 4134 793 4188 tuo,
809 4123 855 4193 qui
901 4124 1035 4197 Apollinis
1043 4145 1149 4197 perna,
1163 4127 1199 4178 ob
1211 4138 1317 4196 purtem
1329 4123 1408 4177 victo²

1198 4253 1204 4284 l
