3058 5164
367 531 435 607 352
661 537 709 604 L..
725 537 891 607 ANNAEI
917 537 1127 608 SENECAE

411 659 543 730 Lucina
560 671 691 744 custos,
711 683 851 754 quaeque
870 660 1072 729 domituram
1094 661 1177 729 freta

412 769 544 863 Tiphyn
567 793 687 838 novam
706 767 836 838 frenare
860 751 1000 838 docuisti
1022 786 1144 852 ratem,

369 901 372 908 ⁴
408 883 452 948 Et
471 891 509 945 tu
527 876 686 970 profundi
707 863 790 946 soeue
808 878 1001 948 dominator
1020 881 1138 965 marie,

410 986 613 1080 Clarumque
632 987 731 1056 Titan
751 987 903 1056 dividens
921 989 995 1058 orbi
1013 989 1122 1076 diem,

315 1095 317 1100 ’
407 1099 595 1190 Tacitisque
616 1096 765 1188 praebens
784 1098 953 1166 conscium
971 1100 1073 1167 sacris
1094 1099 1215 1192 jubar,

406 1211 530 1276 Hecate
549 1205 730 1292 triformis,
751 1229 903 1301 quosque
922 1207 1048 1300 juravit
1067 1208 1149 1276 mihi

408 1305 502 1389 Deo's
520 1321 638 1402 Jnson,
657 1342 806 1412 quosque
824 1317 948 1388 Medeae
969 1322 1075 1414 magis

343 1513 344 1519 ἵ
406 1431 469 1498 Fas
487 1442 536 1496 est
558 1428 709 1521 precari,
728 1429 835 1496 noctis
855 1443 985 1496 aeternae
1006 1430 1128 1516 chaos,

341 1525 347 1543 ἵ
405 1541 528 1606 Aversa
553 1537 688 1631 Superis
705 1561 828 1631 regna,
846 1539 1030 1632 Manesque
1049 1538 1187 1632 impios,

401 1649 654 1741 Dominumque
672 1648 764 1740 regni
784 1648 906 1734 tristis,
924 1663 956 1716 et
974 1647 1143 1716 dominam
1165 1647 1231 1719 fide

356 1871 487 1945 γαμνλιοι,
505 1869 867 1933 normanni.·-11ntii,eeu
954 1871 979 1924 ⁵.
1002 1871 1090 1932 Titan,
1106 1869 1165 1934 sot,
1188 1867 1227 1922 uli
1243 1870 1423 1942 Hyperionis,

357 1951 451 2016 Suada,
462 1951 614 2021 nuptiarum
623 1949 799 2014 conciliatrix,
809 1967 869 2020 pro·
912 1949 958 2019 qui
973 1967 1042 2001 unua
1055 1967 1069 2000 e
1081 1948 1230 2001 Titanibus.
1248 1979 1289 1990 -
1307 1950 1422 2003 Dividetur

357 2033 440 2086 nuba.
455 2061 493 2078 -
509 2029 611 2092 Diana,
630 2027 685 2080 aive
701 2028 809 2092 Lucina,
834 2026 867 2080 de
911 2027 1423 2103 orbidiem.Alterniavicibueutrumqne

356 2130 407 2183 qua
424 2129 484 2162 mox
499 2127 536 2162 aa.
555 2128 594 2180 aq.
609 2109 701 2160 Venua
716 2109 867 2178 praeeuntia,
911 2107 1123 2178 hemispherium
1138 2105 1299 2162 illuminans.

355 2191 482 2262 geniture
502 2187 618 2264 domino.
641 2218 680 2230 -
700 2185 793 2240 Genius
810 2179 867 2258 (qui
952 2190 979 2240 6.
996 2187 1087 2238 Tacitis
1100 2190 1182 2260 queris.
1195 2187 1280 2240 Noctu
1298 2201 1325 2241 et
1340 2189 1367 2240 in
1383 2189 1422 2240 lo·

356 2267 430 2342 quod
446 2287 495 2321 una
512 2281 588 2320 natue
607 2267 640 2318 ait
653 2278 780 2339 natosque
795 2279 867 2318 tuea·
910 2261 948 2319 cis
968 2265 1074 2320 seeretis
1096 2263 1153 2318 {ieri
1177 2263 1279 2336 solitis,
1300 2269 1420 2339 magieis,

354 2362 408 2412 tnr,
422 2337 462 2400 iel
477 2345 564 2418 quod,
584 2358 614 2398 ut
634 2363 801 2416 generemur,
822 2365 868 2398 cu·
910 2345 1120 2397 necromanticis.
1133 2343 1224 2398 Horat.
1238 2344 1327 2416 Epod.
1342 2367 1369 2411 v,
1383 2367 1419 2401 rs.

354 2441 411 2491 ret,
426 2445 440 2478 a
454 2424 588 2497 gignendo
601 2442 698 2476 nomen
714 2423 823 2490 habet),
841 2436 867 2477 et
912 2423 963 2476 51:
981 2449 992 2470 ι
1003 2424 1102 2488 Diana,
1117 2441 1175 2496 qne
1190 2425 1324 2478 silentium
1337 2427 1419 2498 regia,

354 2503 863 2578 Hymniceua‚nuptiarumpraeceni'nnrr.
909 2501 1013 2556 Arcano
1027 2521 1109 2576 quum
1125 2503 1191 2556 fiunt
1203 2523 1283 2556 sacra.
1296 2531 1307 2551 ·

396 2604 419 2636 a.
434 2586 534 2636 Lucina.
546 2581 618 2634 Nihil
629 2581 723 2632 meiius
735 2581 864 2652 explicat,
950 2600 976 2652 7.
994 2583 1105 2653 Quosque
1115 2583 1166 2650 jur.
1178 2583 1247 2646 niti,
1263 2595 1315 2638 etc.
1333 2584 1417 2656 Apol·

354 2681 436 2736 φιιιη
448 2663 521 2714 locus
532 2660 612 2714 ovid.
625 2659 693 2713 Fan
704 2661 741 2721 11,
756 2667 812 2730 449
825 2681 864 2732 sq.
907 2658 997 2714 ladon.
1009 2657 1042 2714 de
1051 2659 1215 2725 Medea,lib.
1226 2665 1253 2714 1:
1267 2652 1332 2728 tite,
1342 2664 1380 2724 ὥς
1390 2685 1416 2715 τι

359 2769 371 2791 ι
380 2741 453 2795 dedit
463 2741 518 2794 haec
532 2740 578 2794 tibi
592 2739 702 2794 nominc
715 2741 802 2804 lucus,
813 2743 865 2793 Aut'
908 2739 1002 2809 &pocae
1016 2729 1094 2794 ie'cuu
1111 2743 1176 2802 tecue
1193 2744 1398 2814 ἐπικαλεσαμένη.

354 2823 416 2894 quia
433 2820 596 2894 principium
613 2831 643 2872 tu
658 2821 711 2872 Dea
731 2821 798 2873 lucie
818 2819 864 2873 ha·
950 2821 976 2873 8.
993 2819 1085 2873 Medon
1097 2817 1173 2890 magis
1182 2819 1234 2872 Fas
1244 2834 1294 2886 eat,
1307 2822 1415 2875 infernin

353 2903 409 2955 hee.
420 2929 431 2948 υ
445 2898 485 2953 td
496 2897 652 2971 pariendum
664 2911 751 2952 autem
762 2899 865 2953 confer·
906 2899 986 2951 enoria
998 2899 1115 2952 initiate.
1128 2898 1239 2954 -vide
1253 2899 1396 2954 Animadr.

353 3001 383 3036 re
403 2979 561 3034 credebatur
578 2979 649 3031 luna.
672 3009 706 3020 —
737 2981 860 3050 Qnoeqne,
947 2998 974 3047 9.
990 2979 1076 3032 Chaos.
1084 2976 1147 3031 vid.
1162 2998 1211 3031 nos
1223 2977 1250 3031 in
1263 2979 1340 3034 Herc.
1349 2979 1373 3032 1¹¹
1374 2999 1415 3033 nr.

353 3059 483 3112 Minerva.
501 3091 540 3102 -
555 3059 724 3126 Homericam,
739 3072 788 3111 etc.
801 3058 861 3109 Vnt.
906 3057 976 3122 610,
990 3059 1044 3111 voi.
1057 3059 1086 3124 1,
1100 3077 1160 3129 pag.
1175 3060 1222 3128 73.

354 3138 475 3204 Flaccus,
486 3137 515 3201 1,
532 3141 584 3190 δυο
596 3141 635 3208 sip
649 3163 659 3183 ·
671 3137 751 3190 Graiu
764 3155 859 3189 novem
948 3138 1087 3188 ιο.Ανενεα
1097 3136 1194 3208 Superis
1203 3157 1288 3206 regna,
1294 3137 1414 3208 regiones

352 3217 424 3278 ferro
447 3215 545 3269 molem
565 3229 715 3268 commenta
736 3218 860 3287 juventus
903 3216 1200 3286 proculnSuperorum
1211 3215 1317 3270 sedibus
1327 3235 1414 3270 remo-

352 3296 441 3367 Pergit
464 3307 490 3348 et
514 3294 613 3365 ingenti
637 3292 753 3366 gaudens
778 3296 861 3346 domat
903 3306 950 3346 tac.
965 3295 1148 3366 -Mnncsquc
1165 3300 1258 3368 impios.
1279 3297 1414 3367 Interpre-

350 3393 456 3446 {equora
472 3373 541 3426 velo.
553 3399 564 3421 ι
575 3371 685 3426 -Vide
701 3371 838 3428 Animadv.
902 3385 992 3427 tantur
1008 3374 1128 3442 umbrae,
1144 3394 1190 3428 eeu
1207 3377 1305 3428 animas
1317 3375 1412 3446 impio-

392 3455 418 3508 3.
436 3453 538 3524 Tiphyn.
557 3453 771 3508 Gubernatorem
784 3454 858 3506 neria
901 3471 961 3505 rum
971 3471 1083 3523 corpore
1094 3466 1193 3507 exutas.
1202 3456 1239 3507 At
1252 3475 1328 3507 menes
1342 3457 1412 3524 impii

349 3533 377 3586 in
391 3532 571 3604 Argonautica
585 3531 858 3604 expeditione—No·
901 3544 966 3584 nunt
988 3532 1082 3598 inferi,
1104 3533 1338 3600 immisericordes,
1358 3533 1412 3604 qui

352 3631 403 3665 narn
420 3625 501 3664 ratem.
516 3611 552 3662 Ea
569 3623 622 3674 est.
639 3625 668 3664 ut
681 3612 717 3665 ait
729 3611 857 3678 Ovidius,
900 3611 1001 3663 nemini
1016 3625 1142 3682 parcunt,
1155 3632 1247 3666 onrnea
1262 3611 1296 3666 ad
1310 3633 1336 3666 ae
1354 3626 1415 3665 tra·

242 3739 245 3746 ,
349 3692 429 3744 Trist.
442 3691 495 3752 111.
508 3707 542 3755 9,
555 3709 571 3760 7
584 3709 621 3761 sq.
641 3716 653 3738 ι
664 3709 721 3761 quae
735 3711 798 3744 cura
810 3711 858 3762 pu·
900 3689 978 3743 hunt.
991 3691 1028 3744 Ut
1041 3692 1165 3758 Horatio,
1177 3691 1298 3763 Epod.v,
1308 3710 1343 3743 es.
1355 3690 1413 3743 13:

350 3771 439 3842 gnacie
450 3771 516 3824 fucta
529 3769 655 3822 minerve
667 3769 717 3822 Per
731 3789 786 3822 non
798 3783 856 3822 ten·
902 3797 914 3818 ι
925 3770 1039 3840 impube
1050 3789 1162 3841 corpus,
1176 3771 1254 3844 quale
1267 3783 1348 3840 poisat
1360 3771 1415 3824 im·

347 3863 412 3903 tatae
422 3850 508 3922 prima
515 3849 632 3902 cucurrit
641 3867 728 3920 aquae.
743 3850 858 3901 .-Fn.
899 3849 944 3919 pia
953 3849 1060 3902 Meilire
1068 3849 1202 3903 Thracum
1216 3863 1326 3922 pectora.
1336 3875 1348 3896 ·
1365 3851 1417 3902 Sic

347 3949 422 3992 nare,
439 3925 741 3999 regere.Vol.I‘⁷iaccns,
757 3929 783 3994 1,
799 3948 854 3982 an:
900 3941 992 3981 contra
1011 3932 1081 3998 pius,
1109 3930 1240 3995 clemens,
1265 3943 1290 3982 et
1309 3932 1414 3999 pietas,

350 4033 362 4056 ι
373 4008 537 4062 Haemoniam
548 4006 641 4078 primia
653 4007 857 4074 Peliaasrenabct
900 4007 1047 4060 clementia.
1063 4009 1153 4062 Guorr.

347 4089 382 4141 ab
394 4089 477 4142 annis.
487 4112 498 4134 .
511 4087 616 4139 Binan.
944 4103 988 4139 rr.
1001 4089 1188 4160 Hominumque,
1204 4087 1355 4142 Plutonem.
1371 4118 1419 4129 -

389 4175 414 4229 4.
425 4169 461 4220 Et
471 4181 511 4232 tn,
523 4165 655 4238 Neptune.
901 4165 1249 4237 Dominam,Proaerpinan1.
