3058 5164
371 553 439 623 ‘²9²
663 529 703 596 L.
731 527 906 597 ANNAEI
932 527 1139 596 SENECAE

415 655 572 744 Percussa
591 651 733 732 Maenns,
752 647 873 717 entheo
896 646 993 716 silvas
1012 647 1117 742 gradu

413 761 549 828 Armate
568 758 680 853 thyrso
701 772 821 844 terret,
843 767 942 852 utque
961 781 1076 852 expers
1097 759 1147 826 sui

411 868 543 940 Vulnus
561 868 671 954 dedit,
693 891 755 936 nec
774 868 894 956 sensit;
912 867 946 934 in
965 865 1090 935 medios
1110 891 1228 952 ruam,

408 977 618 1072 Tumuloque
639 977 758 1047 cineris
777 978 865 1046 socia
885 976 1020 1045 defenso
1037 975 1166 1046 cadum.

409 1113 465 1159 un.
484 1085 651 1159 Cessatis?
668 1103 701 1155 et
724 1113 782 1156 vos
799 1086 918 1156 flebilis
936 1085 1062 1155 clamor
1083 1101 1213 1172 movet,

409 1201 581 1292 Furorque
601 1191 712 1266 cussus
733 1194 885 1264 femine?
899 1196 989 1289 jussa
1013 1195 1105 1264 ocius
1383 1223 1418 1260 n,

408 1306 571 1399 Peragite.
592 1329 699 1375 nunu.
720 1308 798 1389 Me,
817 1329 870 1372 me
886 1305 1023 1372 sternite
1036 1302 1091 1372 hic
1111 1304 1199 1373 ferro
1220 1307 1326 1401 prius.
1359 1343 1363 1352 ⁴

408 1413 586 1509 Repellor?
603 1415 668 1484 lieu
689 1413 759 1485 me!
780 1439 901 1508 rumpe
920 1412 1064 1483 fatorum
1083 1439 1202 1484 morus.

408 1522 530 1594 Molire
547 1537 665 1608 terras,
683 1527 824 1610 Hector,
844 1537 881 1591 ut
901 1521 1052 1616 Ulyssem
1073 1522 1197 1594 domes.

407 1632 470 1704 Vel
488 1633 606 1702 umbra
627 1635 704 1702 satis
721 1647 770 1702 est
788 1659 795 1701 :
811 1656 909 1700 -nrnra
925 1632 1092 1700 concussit
1110 1656 1222 1702 manu.

406 1744 577 1815 iaculatur
594 1745 710 1839 ignes:
729 1745 877 1832 cernitis,
894 1743 1021 1830 Danai,
1039 1743 1237 1814 Hectorem?
1380 1767 1416 1808 eo

401 1912 469 1984 675.
481 1913 586 1966 Menas.
600 1913 697 1984 Agave.
714 1907 866 1986 OEdtplvs.
907 1909 1416 1967 leminemsuooonrmsscnlatnmull'ectn

362 1995 434 2058 6163
446 1992 572 2045 Phoeniss.
584 2010 621 2045 ss.
637 2011 681 2062 17.
695 2023 736 2034 -
755 1994 865 2058 Euclea,
906 1990 1100 2062 sedentemque
1118 1991 1177 2061 plns
1195 2010 1276 2062 quam
1293 1993 1415 2070 muliebri

359 2071 450 2125 efflatu
460 2072 577 2124 numinis
587 2083 658 2124 uoto.
907 2067 1014 2124 auderit
1022 2071 1142 2140 ingerere
1151 2089 1179 2123 se
1189 2071 1287 2124 strictis
1298 2072 1414 2126 ensibus.

401 2155 466 2221 676.
487 2151 582 2223 Expers
598 2156 644 2203 sui.
663 2152 755 2206 Mente
768 2151 866 2204 obelie-
907 2149 944 2202 At
963 2162 1101 2221 postquam
1119 2149 1221 2222 Ulyssis
1238 2169 1345 2203 manum
1360 2170 1416 2204 sen·

359 2242 435 2297 nate,
446 2229 529 2286 animi
541 2231 637 2300 impos.
906 2228 940 2280 sit
951 2241 978 2280 et
995 2227 1049 2280 vim
1065 2227 1114 2280 viri
1135 2229 1314 2299 sepelientis,
1329 2227 1417 2282 sidunt

291 2320 294 2329 '
399 2309 866 2381 677.Necsemit‚enlecisse,quss
906 2307 1095 2371 istisnimi,et
1113 2325 1205 2359 serunt
1223 2309 1418 2362 reminiscitur.

358 2387 414 2458 ipsu
424 2387 861 2460 intulitvulnern.OEdip.vs.441
906 2385 976 2439 Hinc
995 2403 1072 2438 voces
1099 2385 1222 2438 flebiles:
1246 2389 1419 2459 .uepettor.=

357 2484 396 2537 sq.
410 2479 524 2538 «mpost
535 2468 635 2519 laceros
647 2468 779 2521 Pentheos
794 2481 866 2521 crtus
906 2465 958 2518 beu
970 2465 1027 2528 mel
1041 2489 1051 2510 ι
1074 2478 1103 2517 ut
1122 2465 1148 2516 in
1163 2465 1297 2538 Thyeste:
1309 2495 1322 2516 ι
1335 2467 1421 2537 Nego-

356 2543 480 2618 Thyudes
498 2557 576 2598 estro
595 2545 714 2598 Membro
736 2547 863 2610 retunso,
906 2556 951 2596 tur
959 2543 1065 2598 ensisi·
1076 2545 1176 2596 liursus
1185 2558 1273 2598 antem
1283 2547 1421 2600 reviviscit

357 2625 432 2678 velut
444 2625 563 2695 ignotum
573 2624 673 2678 Videre
684 2625 766 2678 nefas.
779 2651 790 2672 ι
906 2623 1000 2693 opinio
1014 2620 1048 2675 de
1069 2624 1179 2688 morito,
1193 2637 1233 2688 et,
1244 2624 1323 2678 velut
1337 2625 1367 2678 in
1380 2645 1421 2678 rn-

399 2705 468 2776 678.
492 2703 639 2775 Tumuloque
661 2705 864 2771 deseusocodum.
904 2701 976 2754 biem
999 2701 1121 2766 efferato,
1145 2715 1280 2755 mortuum
1297 2705 1420 2758 invocat.

357 2782 392 2836 Et
404 2781 593 2855 peribo,dnm
615 2782 756 2836 delendum
776 2796 863 2836 tumu-
906 2780 995 2845 Qunnr
1028 2782 1153 2852 graphice
1184 2781 1280 2852 figurat
1312 2797 1421 2846 auctor,

356 2861 425 2917 lum.
445 2895 484 2906 —
503 2861 576 2915 Sucia
591 2866 684 2916 cineris.
707 2863 797 2928 Meos,
809 2865 862 2935 jorn
904 2877 986 2930 quum
1008 2857 1110 2914 inducit
1132 2859 1283 2914 dicentem:
1300 2889 1313 2910 ·
1325 2864 1422 2918 Cerni-

356 2955 477 3006 morton,
500 2941 621 2996 Hectoris
641 2943 774 2997 cineribus
798 2962 861 2996 con·
904 2939 953 3002 tis,
964 2939 1062 3004 Donni,
1075 2939 1235 2992 Hectorem?
1251 2944 1293 2993 An
1313 2947 1369 2995 sola
1384 2943 1423 2994 ri·

353 3022 467 3092 jungens
480 3021 590 3075 cineres.
904 3015 976 3069 deo?
990 3044 1000 3063 ι
1019 3017 1143 3071 Gronov.
1160 3051 1196 3060 —
1208 3021 1422 3090 Recupesorornu

398 3104 463 3171 679.
487 3100 601 3154 Cessatis.
623 3101 686 3153 Hinc
710 3101 815 3172 Ulysscs
829 3099 862 3152 nd
904 3097 1146 3167 moracExsurgeu
1168 3099 1297 3168 vinculis,
1319 3119 1382 3172 quse
1398 3115 1424 3154 te

355 3195 431 3243 snos,
445 3178 647 3250 quosincrcpnt.
904 3189 1040 3240 coercent,
1062 3175 1170 3229 funeris.
1190 3178 1353 3250 Alloquitur
1370 3181 1424 3233 lle·

396 3258 460 3312 680.
470 3255 568 3309 Cossus.
581 3257 624 3310 Ad
634 3257 748 3310 nihilum
764 3257 862 3310 reciso·
902 3266 1010 3308 ctorem.

353 3355 454 3389 ruu-
463 3335 552 3398 Iussa,
563 3354 629 3388 men.
644 3337 728 3408 Supra
741 3354 778 3388 rs.
792 3339 859 3400 664.
943 3335 1009 3388 683.
1026 3335 1122 3388 llloline.
1135 3335 1233 3406 Disjice
1247 3349 1272 3388 et
1290 3339 1385 3410 uperi.

395 3417 461 3470 681.
469 3415 519 3468 Hic
526 3456 535 3481 ,
547 3433 627 3488 super
641 3415 728 3486 ipsunt
736 3415 807 3469 hunc
819 3430 860 3469 tu·
943 3415 1009 3478 684.
1018 3414 1066 3464 Vel
1076 3415 1157 3466 umbro
1171 3419 1231 3468 satis
1242 3427 1289 3468 est.
1308 3417 1426 3490 Duplici

352 3494 465 3547 mulum.
592 3519 597 3528 ·
901 3493 1039 3557 scumine,
1051 3504 1077 3544 et
1091 3507 1205 3565 quantus
1216 3495 1249 3547 sit
1261 3493 1392 3561 Hector,
1400 3513 1428 3551 et

393 3575 459 3628 682.
475 3573 607 3644 depellor?
620 3575 664 3626 heu
678 3582 728 3626 me!
742 3588 792 3628 etc.
807 3575 859 3628 Res
900 3572 1056 3642 quantulum
1069 3571 1167 3643 judicet
1175 3573 1322 3646 Ulyssem,
1335 3579 1430 3651 expri-

351 3663 404 3704 totn
427 3652 455 3705 in
480 3652 582 3706 notione
604 3654 728 3707 consistit.
756 3655 858 3725 Oincit
901 3651 1010 3704 mic-
1026 3655 1101 3703 Anno
1116 3657 1232 3706 concussit
1255 3673 1350 3708 manu.
1374 3658 1430 3710 Vel

349 3730 421 3784 enim
437 3732 558 3801 sepulcro
572 3750 600 3784 se
611 3731 813 3800 Andromache,
831 3747 857 3787 et
899 3730 926 3782 in
941 3747 1034 3782 eorum
1049 3742 1175 3784 terrorem
1198 3733 1295 3805 fingit,
1311 3736 1361 3788 vel
1377 3755 1431 3807 per

347 3810 404 3863 ruit
418 3811 445 3863 in
461 3811 601 3864 satellitum
614 3811 786 3882 Ulysseorurn
802 3813 856 3884 glo·
898 3809 1062 3879 phantssiarn
1090 3809 1197 3864 videtur
1223 3831 1349 3867 cernere
1371 3817 1433 3870 He·

347 3889 413 3943 dios.
435 3889 486 3943 Cui
507 3888 647 3945 intercedit
664 3891 754 3958 heros,
771 3893 854 3963 ipsam
898 3901 1008 3941 ctorem.
1021 3889 1109 3944 Fons.

345 3969 467 4040 repellit,
477 3982 503 4022 et
516 3971 605 4022 locnrn
619 3970 679 4023 lucit
692 3971 854 4024 irruentibus
939 3967 1005 4022 686.
1022 3969 1151 4021 Inculotnr
1164 3972 1238 4038 ignes.
1260 3971 1308 4024 Ut
1334 3991 1434 4054 quon.

345 4049 372 4098 in
386 4049 519 4104 tumulum
532 4049 688 4103 latronibus.
708 4051 790 4115 «Mc,
810 4070 852 4104 me
895 4046 1232 4110 dnm,nnvesGraecoruro
1251 4049 1329 4104 dum
1353 4053 1437 4108 flam.
1487 4061 1489 4068 '

342 4129 453 4182 sternite
467 4127 511 4183 hic
525 4129 595 4182 ferro
606 4129 690 4200 prius.
702 4157 713 4178 ι
725 4131 852 4202 Agnoscis
895 4126 945 4180 mis
956 4140 1065 4197 peteret.
