3008 5158
344 515 408 562 tos
652 494 704 562 IN
730 495 1084 564 HlPPOLYTUM

335 641 444 694 supere,
471 626 520 694 qui
540 642 641 678 messus
660 624 757 689 semel,
778 623 845 680 adiit
862 627 984 680 silentem
1004 639 1084 680 noete
1105 639 1231 698 perpetus
1251 625 1373 683 dossum.
1388 653 1400 674 ι

338 704 439 758 Deinde
451 713 509 758 κατ’
521 701 685 767 ἀντιπίδιιξιν
696 702 786 758 sddit:
804 733 815 754 ι
830 706 897 760 Ditis
906 706 1015 760 eluserit
1024 725 1135 778 regnum
1149 706 1219 759 lieet.
1234 731 1245 756 ι
1261 708 1405 771 Pretesee,

335 785 357 836 si
371 784 449 837 vellet
467 803 523 837 non
542 782 704 837 credendum
719 803 773 838 esse
787 785 860 848 Diti,
881 787 945 856 quis
960 787 1072 839 tatsurus
1088 787 1136 850 sit,
1151 799 1178 838 et
1195 799 1287 838 contra
1300 805 1406 840 motem

336 876 415 936 utque
430 865 567 935 ingenium
579 864 680 918 Theseu
693 863 848 922 dimissurus
861 855 872 934 (
882 866 910 918 id
922 865 997 936 quod
1010 865 1130 937 lepidum
1142 878 1180 918 est
1190 865 1321 918 Gronovii
1331 885 1407 918 oom-

336 942 487 1008 mentum),
501 944 682 997 inconstantia
694 945 912 1016 Plutonispotius
921 964 1000 1017 quesn
1012 944 1170 1016 benignitati
1179 943 1291 999 deorum
1302 945 1406 999 adscri-

337 1022 442 1076 bendus
465 1024 534 1078 iotet
555 1024 638 1093 ipsius
658 1022 781 1080 reditus:
803 1044 865 1078 usus
886 1043 973 1078 sermo
995 1039 1033 1078 est
1045 1024 1234 1096 benignitatem
1253 1025 1406 1090 innuentis,

337 1103 432 1156 endere
445 1105 526 1156 alicui.
545 1102 669 1174 Denique
683 1105 812 1158 absonum
825 1105 903 1158 nohis
914 1103 1021 1158 videtur
1031 1118 1057 1158 et
1070 1105 1157 1158 minus
1170 1105 1304 1158 sententie
1319 1106 1405 1174 ipsius

338 1183 473 1236 contextui
488 1183 656 1248 conveniens,
669 1183 863 1238 nominativum
875 1183 965 1238 deesse
978 1185 1062 1238 verbo
1076 1186 1187 1250 cluserit,
1200 1202 1283 1256 quum
1294 1204 1358 1238 suus
1370 1185 1407 1238 sit

338 1264 421 1316 verbo
436 1263 554 1334 sequenti
568 1263 680 1316 observet.

380 1349 446 1406 ssi.
468 1341 548 1396 Soitu.
563 1343 727 1413 ingeniosius
747 1343 791 1396 hic
811 1342 949 1408 Heinsius,
968 1363 1047 1416 quem
1068 1344 1131 1397 citet
1146 1341 1247 1396 Budeu.
1267 1362 1350 1397 *non
1366 1363 1409 1395 so·

338 1422 374 1474 lus
389 1422 491 1474 invenit
505 1423 641 1494 proiecto,
655 1421 701 1475 sed
712 1425 852 1476 contitutus
863 1423 1015 1476 Herculem.
1029 1423 1104 1487 Quid
1116 1424 1138 1477 si
1150 1423 1307 1494 seponimus
1321 1443 1328 1474 ε

586 1544 634 1589 Soli
645 1551 740 1604 negstss
749 1540 837 1588 invenit
847 1544 949 1590 Theseus
960 1546 1016 1588 viss.

339 1669 385 1724 Sol
396 1668 467 1801 “iim
482 1668 516 1802 sp
531 1669 623 1721 inieris
636 1669 763 1722 exclusus.
778 1666 847 1722 Hinc
860 1669 882 1721 is
893 1669 949 1740 ipse
959 1666 1033 1739 apud
1044 1665 1188 1734 Ovidium,
1198 1667 1232 1722 de
1244 1670 1337 1742 Styge,
1345 1669 1408 1722 He·

339 1762 402 1802 tum.
448 1755 489 1811 ,4
523 1766 530 1800 :

585 1853 626 1898 Dis
634 1852 734 1915 jusunda
743 1852 824 1914 psius,
837 1851 911 1898 oeulis
919 1851 1039 1912 incognite
1048 1853 1140 1898 nostris.

337 1977 418 2032 Hoste
436 1977 513 2032 etism
534 1980 616 2040 iverit,
635 1977 677 2031 vel
690 1981 768 2030 inruet
781 1981 862 2030 usus.»
877 1975 950 2030 Nihil
967 1973 1133 2030 snutsudusn.
1143 1975 1215 2030 satus
1229 1975 1326 2031 dieitur
1340 1996 1410 2048 poe·

340 2059 404 2121 tine,
416 2075 482 2128 pso,
494 2075 563 2111 unus
577 2076 592 2110 e
609 2057 787 2127 paucissimis,
803 2068 830 2109 et
849 2055 918 2109 bene
937 2056 1042 2108 confert
1058 2053 1090 2108 sd
1111 2055 1288 2112 extollendum
1306 2057 1409 2110 Thesei

338 2136 534 2193 fortitudinem.
549 2137 640 2192 Altera
651 2155 681 2190 ex
697 2148 788 2208 peste,
801 2135 921 2207 quamvis
936 2133 991 2187 duo
1002 2135 1078 2192 MSS.
1092 2136 1175 2190 Pelet.
1195 2150 1221 2190 et
1234 2136 1324 2192 Solsol.
1339 2137 1409 2190 item

339 2215 401 2270 edd.
415 2228 478 2270 vett.
492 2215 558 2270 dent
570 2219 683 2280 inueniet,
697 2217 838 2270 lectionem
857 2215 925 2268 lssno
939 2227 1055 2270 metrum
1069 2215 1163 2287 arguit.
1188 2216 1340 2288 Elegantius
1352 2235 1409 2287 pro

340 2296 430 2352 tuturo
444 2297 480 2352 sic
493 2313 609 2367 presens
619 2309 724 2368 tempus
737 2296 848 2368 ponitus
860 2293 1022 2350 insertinllid.
1037 2308 1093 2348 not.

381 2378 445 2432 sio.
458 2376 565 2428 Fessiuss
575 2395 666 2428 nomen.
681 2377 785 2430 Delrio:
803 2401 815 2422 ι
829 2374 988 2446 singulares,
1008 2375 1111 2446 inquit,
1123 2387 1184 2430 sunt
1197 2373 1409 2446 Lugdunenses,

340 2455 387 2527 qui
401 2474 408 2509 :
424 2458 554 2522 sensimus·
568 2475 660 2508 nomeu.
677 2455 760 2510 Nosse
779 2455 858 2508 selim
879 2451 951 2508 undu
970 2451 998 2508 id
1019 2455 1192 2524 acceperint:
1218 2455 1333 2527 ulloquin
1350 2474 1410 2508 non

340 2535 436 2606 plseet.
449 2561 460 2582 .
474 2537 641 2605 Accepesunt
657 2548 744 2588 sutem
757 2536 791 2587 sb
808 2535 933 2588 Ascensio
941 2571 949 2598 ,
968 2544 994 2587 et
1004 2533 1117 2587 similem
1135 2534 1277 2592 lectionem
1289 2535 1411 2606 conjecit

341 2614 478 2678 Heinsius,
489 2626 616 2667 temerate
631 2632 665 2666 ex
677 2613 741 2668 Bed.
756 2615 814 2684 lege
827 2613 912 2668 meni.

385 2693 450 2748 23¹.
467 2693 529 2747 Gen.
546 2696 717 2748 Amazonium.
735 2697 774 2750 Ex
793 2693 898 2748 omnib.
922 2690 999 2746 MSS.
1020 2705 1073 2748 tres
1089 2693 1194 2758 solum,
1208 2695 1261 2760 ¹ios
1269 2698 1295 2758 6,
1316 2693 1411 2759 8034,

346 2776 421 2828 8262
430 2812 438 2837 ,
448 2785 475 2826 et
488 2791 522 2825 ex
534 2771 595 2826 edd.
608 2773 679 2827 solus
691 2773 792 2831 leosrd.
803 2775 964 2832 Amazonum·

383 2851 447 2906 236.
462 2870 547 2906 suun.
562 2853 665 2905 lissum
678 2854 734 2916 iiie,
751 2873 820 2924 seque
837 2852 905 2906 mult.
922 2865 973 2904 etc.
987 2849 1050 2904 Hec
1067 2851 1131 2905 velit
1149 2852 1254 2924 Lipsius
1265 2849 1411 2906 Phedrsm

341 2929 446 2996 dicere,
456 2931 504 2987 sed
515 2931 705 2998 slflrmsntem,
719 2951 774 2987 non
785 2943 937 3003 rogantem
950 2941 976 2984 et
989 2931 1076 2984 versui
1087 2930 1153 2996 238,
1165 2950 1304 3003 persensus
1319 2933 1414 2986 nutri-

343 3011 380 3064 eis
394 3010 505 3066 dederis
523 3012 613 3066 Minus
630 3011 914 3072 ielioites'teuebeilss.
934 3011 957 3062 si
976 3027 1035 3082 quse
1057 3010 1102 3066 isio
1122 3023 1219 3073 meent,
1241 3009 1365 3067 discussit
1388 3013 1412 3066 is

343 3109 422 3162 quem
439 3105 514 3146 voest
527 3091 553 3144 h.
569 3093 587 3144 l.
600 3091 741 3146 doctorum
752 3092 841 3145 Solem
852 3091 882 3144 F.
895 3090 925 3142 1².
941 3090 972 3144 F.
985 3089 1187 3162 llspheleugius.
1202 3091 1257 3156 Qui
1268 3091 1340 3143 enim
1350 3111 1413 3147 sus·

343 3170 421 3224 tinesi
440 3184 526 3241 posset
545 3171 684 3224 Phudrsm
698 3172 798 3235 amosi,
813 3189 892 3242 quem
906 3169 1035 3240 inspirare
1050 3189 1078 3222 se
1093 3171 1182 3241 cupit,
1196 3190 1293 3225 nomen
1305 3169 1411 3224 adden·

343 3262 397 3304 tem
416 3276 427 3297 ι
438 3251 551 3302 Veneris
562 3269 616 3304 non
631 3265 708 3306 cestu
720 3291 729 3318 ,
742 3279 753 3300 s
772 3264 797 3306 et
811 3269 840 3304 se
853 3251 936 3322 ipsum
951 3249 1156 3319 deturpentensi

386 3331 452 3399 239.
464 3329 579 3382 Precibus
591 3332 658 3384 hund
672 3336 734 3384 uinci
747 3343 833 3402 potest.
848 3331 926 3384 Grut.
941 3347 1001 3382 cuns
1015 3329 1139 3396 Heinsio,
1154 3349 1187 3383 ex
1199 3329 1336 3384 §choinse
1350 3341 1410 3386 vet.

343 3428 394 3462 neo
404 3407 593 3462 abludentibus
604 3410 668 3463 Psll.
681 3410 764 3464 duob.
772 3412 800 3463 in
814 3411 910 3482 quibus
923 3421 975 3474 uut,
988 3409 1122 3462 tentsbst:
1138 3436 1149 3456 ι
1162 3411 1285 3480 precibus
1295 3421 1322 3463 ut
1332 3409 1413 3464 vinei

342 3500 462 3560 potsse·
486 3488 538 3542 Sed
558 3490 648 3552 umori
658 3491 771 3546 sollicito
788 3503 867 3562 utque
884 3491 961 3542 unsio
979 3487 1098 3546 Phaedsss
1109 3490 1212 3560 rogatio
1229 3491 1309 3559 mugis
1324 3507 1414 3560 quum

342 3568 487 3623 uffirtnstio
497 3571 628 3623 convenit.
641 3570 708 3623 Bsn.

385 3653 449 3716 ²⁴9·
465 3647 530 3700 Rus-s
543 3653 615 3702 seuit.
630 3663 679 3702 etc.
699 3650 733 3702 Et
750 3651 802 3704 hoe
821 3646 929 3722 quidem
948 3647 1008 3700 loeo
1026 3660 1164 3719 comperet
1183 3648 1286 3702 lumbus
1306 3646 1359 3702 iste
1381 3649 1414 3702 in

342 3727 420 3782 MSS.
434 3728 558 3782 omnibns
570 3746 578 3781 ι
593 3747 653 3780 meo
664 3729 752 3783 snimo
761 3749 817 3782 nou
830 3728 915 3784 mule:
929 3727 1047 3799 quemvis
1057 3729 1110 3782 sint
1118 3729 1163 3800 qui
1175 3731 1326 3798 conjecturs
1336 3725 1417 3782 duce

344 3807 474 3860 oollocent
486 3807 555 3862 inter
572 3827 676 3861 sessum
696 3811 750 3880 ²⁵7
769 3822 795 3863 et
811 3809 880 3866 258,
894 3826 946 3860 uns
961 3825 1022 3860 cum
1032 3805 1137 3862 duobus
1147 3809 1205 3864 sliis
1218 3807 1265 3880 qui
1279 3807 1417 3877 leguntur

343 3905 422 3958 suprs
439 3893 507 3951 sio,
521 3913 533 3934 ι
544 3887 649 3942 obsiste
659 3888 776 3960 primum
786 3927 793 3953 ,
802 3901 870 3940 etc.»
889 3888 915 3940 J.
927 3887 1018 3940 Gsus.

384 3969 450 4032 248.
468 3968 548 4040 Teque
562 3970 637 4037 ipsum
658 3968 755 4039 adjuva.
775 3967 852 4022 Both.
873 3965 988 4020 deolstst
1008 3967 1077 4020 mule
1099 3967 1143 4022 hio
1165 3969 1251 4037 legere
1269 3966 1416 4037 vulgatos:

344 4052 427 4115 ipsum.
442 4070 453 4092 ι
464 4049 522 4119 Ipsu
533 4046 585 4100 sihi
596 4045 676 4118 opem
685 4049 756 4102 ierne
765 4049 873 4117 jubetur
885 4045 1010 4108 Phasim,
1024 4066 1077 4100 non
1089 4047 1139 4118 ipsi
1151 4048 1210 4102 sibi.
1225 4045 1295 4100 lllud
1307 4065 1415 4118 magno

341 4124 450 4196 dignum
465 4127 570 4192 auimo,
582 4128 655 4199 quali
668 4147 723 4183 esse
738 4129 864 4184 vulteum
874 4127 986 4191 unuin
1008 4126 1059 4182 hoe
1073 4126 1193 4184 sddituns
1209 4138 1312 4182 tentum
1331 4127 1417 4182 sbest
