3042 5156
370 489 457 608 '268
680 530 934 608 uiuunt
959 537 1164 611 senece

433 663 529 731 Saevo
550 673 720 756 peremtus
738 683 817 728 ense
834 659 926 754 quod
946 662 1098 732 Priamus
1116 663 1225 756 jacet,

373 757 376 763 ¹
434 768 584 866 Supplex
602 784 772 865 paternus.
790 793 921 840 rsnnn.
940 769 1115 866 Supplices
1134 770 1238 840 nostri
1258 769 1363 864 petris

434 883 619 976 Hostesque
638 879 772 949 eosdem
792 880 955 950 novimus.
974 881 1127 952 Priamus
1144 895 1255 950 tumen
1412 901 1433 940 ³·

433 993 580 1060 Praescns
602 989 755 1084 rogavit:
772 1002 807 1058 tu
829 989 922 1084 gravi
940 989 1081 1083 pavidus
1102 1003 1193 1060 metu

433 1100 505 1170 Nec
527 1097 771 1194 adrogantium
790 1097 903 1186 fortis,
924 1098 1018 1194 Ajuci
1040 1123 1153 1193 preces

433 1209 616 1304 Ithacoque
635 1209 794 1296 mendas,
813 1207 944 1298 clusus,
963 1223 1064 1305 utque
1080 1210 1211 1280 hostem
1232 1221 1386 1278 tremens.
1441 1201 1443 1208 '

434 1343 549 1390 scen.
566 1323 614 1388 At
629 1343 698 1388 non
718 1319 856 1388 timebat
875 1333 956 1389 tunc
974 1332 1069 1406 tuus,
1092 1318 1210 1406 fateor,
1231 1341 1371 1413 parens,

436 1432 596 1524 Interque
618 1429 723 1498 caedes
742 1429 899 1517 Graeciae,
918 1443 1019 1524 atque
1039 1444 1130 1500 ustus
1148 1444 1253 1513 rates,
1413 1441 1445 1480 ³³⁹

436 1541 554 1636 Segnis
569 1540 724 1634 jacebat,
743 1537 821 1608 belli
840 1553 873 1608 et
890 1563 1062 1609 armorum
1081 1541 1271 1625 immemor,

436 1650 518 1719 Levi
538 1672 695 1718 canorem
715 1647 896 1717 verberans
915 1647 1042 1744 plectro
1060 1647 1200 1743 chelym.

435 1783 567 1830 runnu.
587 1762 683 1828 Tunc
701 1781 843 1852 mugnus
863 1763 998 1844 Hector,
1016 1783 1109 1828 erma
1128 1773 1344 1829 contemnens
1362 1769 1433 1840 tua,

437 1873 566 1942 Cantus
582 1867 722 1938 Achillis
739 1870 850 1940 timuit
870 1893 878 1936 :
900 1883 934 1937 et
954 1883 1048 1938 tanto
1071 1870 1106 1938 in
1128 1883 1223 1939 metu

435 1978 618 2049 Navalihus
635 2003 700 2073 pnx
717 1977 783 2047 alte
800 1977 996 2049 Thessalicis
1018 1979 1092 2048 fuit.
1412 1995 1447 2037 ¹²⁵

429 2195 750 2270 314.Supple.rpotemss·
771 2195 898 2270 Cuisup·
942 2212 1063 2252 usurus:
1087 2210 1118 2251 tu
1140 2213 1194 2250 uon
1217 2193 1353 2248 sustinens
1372 2189 1448 2263 petris

388 2275 453 2347 plici
474 2290 502 2330 et
515 2277 565 2330 lilii
585 2275 626 2329 sui
648 2277 768 2330 Hectoris
787 2274 900 2330 csdsver
942 2277 996 2331 mei
1011 2277 1071 2330 irsti
1090 2287 1281 2346 conspectum,
1298 2274 1408 2344 Ajacem
1425 2283 1450 2323 et

389 2353 540 2410 redemtum
560 2355 697 2420 venienti,
720 2356 838 2428 pepercit
855 2374 900 2428 ps·
941 2357 1064 2430 Ulyssem
1078 2374 1139 2409 cum
1156 2353 1313 2408 muneribus
1326 2365 1353 2406 et
1369 2351 1448 2423 preci·

389 2446 429 2487 ter
445 2444 517 2490 tuus.
537 2467 579 2478 —
594 2433 716 2506 Supplices
730 2439 806 2487 nostrl
819 2438 900 2507 petris
940 2433 1174 2505 hnsrnisisti,ipse
1186 2435 1214 2487 in
1230 2431 1351 2486 tentoriis
1362 2432 1447 2485 lutens.

388 2515 522 2587 Hostesque
534 2513 625 2566 eosdem
643 2517 757 2568 nevimus.
771 2512 899 2585 Explics,
941 2515 1029 2570 iisne.
1045 2543 1084 2558 -·
1101 2515 1186 2566 Preces
1207 2514 1320 2565 mundes.
1342 2510 1450 2564 Provin-

390 2597 503 2660 norintus,
515 2595 588 2666 qussi
603 2605 679 2658 esset,
692 2613 738 2664 ego
750 2598 804 2646 novi
811 2614 821 2654 ,·
838 2607 900 2665 post
941 2596 1009 2650 cisrn
1023 2594 1133 2648 Achillis
1145 2592 1271 2647 exorandi
1287 2590 1435 2645 committis.

389 2673 494 2738 melers,
509 2671 619 2744 supple,
634 2693 690 2725 esse.
700 2673 733 2724 Et
749 2674 829 2726 totius
841 2691 900 2726 sen·
983 2674 1049 2742 319.
1065 2673 1104 2726 At
1119 2693 1181 2738 non,
1191 2686 1239 2727 etc.
1255 2671 1396 2742 Scopticou
1403 2679 1450 2722 est.

390 2751 477 2807 tenti:
491 2765 605 2814 suentem
626 2753 663 2806 sic
678 2753 784 2822 accipe:
806 2779 818 2800 ι
830 2753 899 2806 hisls
941 2785 981 2797 -
993 2753 1111 2806 Timebat.
1127 2753 1188 2805 Non
1202 2769 1245 2804 ess
1258 2752 1346 2804 utlibet
1359 2765 1448 2802 rerum

390 2833 552 2902 objiceretur
572 2831 639 2885 mihi
660 2831 794 2886 Prismnrn
818 2833 899 2886 luisse
942 2833 1110 2896 suessiones,
1131 2831 1178 2885 ubi
1199 2842 1288 2902 posset
1301 2829 1406 2892 timere;
1424 2823 1451 2877 itl

390 2913 536 2984 supplicem
561 2911 664 2984 petris:
684 2931 745 2965 num
769 2911 899 2983 quemod-
942 2925 979 2966 eet
995 2929 1101 2966 omnent
1115 2911 1221 2964 timoris
1234 2911 1324 2962 locum
1340 2907 1452 2978 effugie-

388 2991 500 3045 mndum
522 2993 632 3063 supplex
652 2993 733 3062 putris
750 2993 849 3056 lueret,
863 2991 899 3045 its
943 2990 1077 3056 hst,dnm
1084 2993 1183 3062 jeceret
1193 2989 1280 3059 segnis
1291 2990 1320 3042 in
1330 2985 1454 3048 tentorio,

389 3089 497 3142 quoque
520 3071 603 3125 hostis
630 3085 699 3137 erst;
722 3083 748 3123 et
772 3069 899 3141 quemad·
941 3072 1105 3143 comitesque
1121 3089 1183 3124 suos
1203 3069 1275 3123 exire
1290 3066 1324 3122 sd
1338 3083 1454 3138 pugnent

390 3149 500 3203 modum
513 3150 627 3220 supplici
637 3149 675 3202 illi
689 3149 898 3221 pepercitpeter,
941 3163 1050 3205 vetsret.

389 3229 425 3282 its
436 3247 485 3300 ego
499 3230 601 3281 hostem
615 3228 745 3281 interfeci.
754 3229 797 3282 Sic
810 3241 898 3282 sutem
983 3231 1045 3283 320.
1069 3229 1181 3302 Interque
1194 3229 1273 3282 eoedes
1287 3226 1372 3282 Grec.
1385 3225 1456 3276 Dum

388 3325 438 3378 ego
449 3307 514 3370 scio,
528 3307 630 3378 idpstri
642 3325 702 3360 rnen
711 3320 781 3359 sorte
794 3306 897 3370 derum,
941 3309 1028 3362 Greci
1060 3308 1212 3362 esterrstim
1237 3303 1455 3362 conciderentur.

390 3400 419 3440 ut
430 3389 476 3459 qui
490 3386 626 3440 hortesilli
638 3387 740 3451 lorent,
751 3385 838 3440 eidem
850 3387 899 3441 fie-
941 3421 981 3433 -
999 3389 1079 3441 (Istos.
1099 3387 1213 3441 Hectore
1231 3399 1257 3440 et
1270 3385 1399 3455 'I‘rojsnis
1417 3383 1456 3434 ls-

388 3479 450 3519 rent
474 3465 580 3519 tsnslem
606 3467 760 3537 supplices:
782 3485 898 3538 quorum
941 3487 983 3522 ces
995 3469 1021 3520 in
1037 3469 1145 3522 clnssern
1158 3467 1344 3520 inlereutihns.

388 3546 417 3598 in
439 3563 567 3608 numero,
594 3557 621 3600 et
640 3559 682 3611 tu,
700 3551 898 3617 Agamemnon,
983 3543 1459 3613 tantotesctttedtx,rtsmq.

388 3625 496 3678 luisti·
525 3623 566 3677 sd
591 3623 663 3678 hunc
685 3627 764 3680 etism
795 3626 897 3690 locum,
984 3623 1464 3685 323.Turre.Ettnmentuncetism,

387 3716 433 3758 snt
447 3703 612 3775 negligentia
629 3705 822 3758 insimulandus
842 3718 899 3772 est,
941 3719 1006 3760 tunc
1020 3725 1103 3779 quum
1126 3719 1199 3776 peter
1218 3723 1311 3768 meus,
1326 3715 1358 3755 ut
1374 3701 1464 3763 dicis,

388 3796 434 3836 sut
443 3784 554 3838 inscitie
564 3785 695 3854 interpres
708 3785 769 3855 gell.
788 3813 799 3834 ι
810 3787 842 3837 le
855 3803 897 3837 re·
938 3786 1043 3857 jacebat
1057 3785 1377 3856 segnis—Contemnere,
1389 3781 1462 3834 idem

387 3864 496 3916 connuis
504 3863 542 3916 les
551 3865 699 3935 supplients
707 3864 741 3917 de
751 3883 813 3916 mon
823 3869 896 3936 pere,
941 3867 987 3938 qui
1003 3865 1197 3918 contemnebat.

387 3961 492 3996 comme
501 3945 528 4014 je
540 3943 679 3996 reconnsis
688 3963 728 3998 ses
741 3945 869 3996 ennemis.
883 3969 893 3991 ι
983 3943 1051 4010 lsi.
1066 3943 1158 3998 Cantus
1172 3943 1279 3997 Acttttu
1299 3944 1395 3996 timuit.
1419 3943 1466 3992 ln·

429 4021 569 4090 315·319.
593 4023 705 4074 Priamus
726 4035 822 4086 torsere,
847 4037 896 4076 etc.
942 4023 1039 4095 tellige,
1052 4024 1141 4077 timuit
1152 4023 1284 4077 Achillem
1300 4022 1350 4094 qui
1369 4035 1467 4076 cents·

388 4103 421 4156 Et
437 4115 525 4156 tumen
548 4103 683 4168 Priamus,
698 4115 724 4156 te
737 4103 898 4168 animosior,
941 4104 1002 4168 hst,
1028 4103 1116 4175 potius
1140 4120 1236 4174 quum,
1260 4102 1357 4158 timuit
1387 4102 1467 4172 ipsos

388 4181 460 4236 venit
475 4183 531 4254 ipsc
545 4182 676 4236 Achillem
697 4199 787 4237 rursm
802 4180 897 4252 depre·
941 4183 1053 4238 Achillis
1066 4195 1166 4238 centus.
