3042 5190
346 491 408 542 rur
559 465 814 536 EDITORIS
839 463 1198 536 PRAEMONITIO.

393 592 471 681 Qua
485 591 518 658 in
535 614 571 657 re
586 584 776 681 peragenda
788 601 857 656 tam
871 611 981 656 acrem
998 586 1135 657 adhibui
1150 586 1273 658 mentis
1287 600 1321 655 et
1336 610 1409 656 oeu-
1437 639 1439 648 .

345 705 455 775 lorum
472 699 739 784 contentionem,
749 711 788 766 ut
801 699 873 793 ipse
887 722 950 793 pro
962 714 1054 768 certo
1069 697 1270 768 affirmarem
1281 751 1291 786 ,
1302 697 1338 766 in
1351 697 1411 767 hoc

345 816 462 900 etiam,
482 812 568 882 sicut
588 811 623 876 in
642 807 755 904 priore
772 806 961 892 volumine,
977 810 1104 902 pariter
1122 823 1290 904 repertum
1305 809 1364 878 iri:

401 939 442 994 1⁰
460 919 626 992 Collatam
641 942 772 987 summa
791 917 857 987 lide
874 920 1099 989 recensionem
1119 935 1231 990 textus
1248 945 1325 990 curn
1343 944 1412 988 nm·

346 1031 527 1127 nuseriptis
546 1028 716 1099 codicibus
732 1027 1002 1122 editionibusque
1015 1030 1152 1123 optimis
1172 1029 1374 1124 (videtum.
1397 1032 1414 1098 1

346 1143 576 1240 prelationem
590 1153 623 1209 et
642 1153 712 1208 not.
729 1163 806 1238 pag.
822 1133 931 1236 158);

398 1255 437 1326 2⁰
467 1251 719 1325 commentaria
739 1273 808 1320 non
829 1265 897 1319 tam
923 1253 1048 1320 circum
1067 1247 1208 1345 syllabas
1227 1247 1417 1345 scrupulose

347 1362 561 1462 pensitandas
582 1374 762 1456 occupata,
780 1383 883 1455 quam
902 1358 1116 1431 enucleandae
1140 1359 1338 1430 difficilioris
1358 1385 1418 1431 cu·

345 1479 466 1572 jusque
487 1472 551 1544 loci
569 1471 741 1541 sententiae
761 1472 904 1558 intenta3
921 1495 983 1540 nee
998 1469 1209 1566 philologieis
1225 1470 1347 1558 modo,
1362 1469 1419 1540 sed

350 1585 507 1658 litorariis
530 1598 582 1670 et,
608 1581 668 1650 ubi
686 1605 742 1650 res
766 1579 930 1675 postulat,
949 1580 1191 1677 philosophicis
1215 1583 1419 1652 observatio·

347 1698 447 1768 nibus
465 1694 669 1785 diversisque
684 1691 926 1762 imitationibus
942 1693 1120 1787 insignita3

399 1807 439 1878 3⁰
464 1805 645 1876 Variacum
671 1801 852 1872 lectionum
874 1802 1012 1893 silvam,
1039 1805 1238 1897 criticasque
1261 1803 1302 1874 de
1329 1818 1423 1874 textu

348 1913 583 1988 constituendo
600 1913 940 1984 Animadversiones
962 1927 1038 2009 post
1055 1915 1217 2010 cujusque
1238 1915 1423 2012 Tragoediae

350 2029 451 2098 linem
470 2023 676 2095 amandatas.

401 2136 494 2229 Quid
518 2134 632 2230 plura,
656 2133 846 2204 doctissime
864 2131 992 2204 lector?
1014 2134 1172 2206 effectum
1194 2151 1245 2207 est
1264 2161 1364 2223 sane,
1384 2151 1426 2206 ut

351 2248 437 2321 nihil
459 2245 685 2329 desiderares,
709 2244 801 2339 quod
826 2244 868 2314 ab
896 2247 969 2341 ipso
994 2248 1116 2341 prioris
1143 2249 1225 2318 tomi
1252 2247 1428 2318 conditore

353 2359 553 2457 promissum
577 2354 708 2439 fuisset3
729 2354 806 2423 dico
833 2357 951 2442 etiam,
972 2357 1063 2451 quod
1086 2372 1122 2427 tu
1147 2359 1373 2454 speravisses:
1398 2359 1428 2427 is

353 2471 444 2541 enim
465 2488 651 2562 paucorum
672 2463 848 2534 hominum
869 2481 936 2550 est,
961 2492 979 2535 a
1004 2468 1127 2563 quibus
1146 2467 1272 2562 majora
1291 2489 1429 2562 semper

352 2577 511 2676 pollicitis
528 2589 764 2670 exspectantur
785 2591 818 2646 et
842 2578 1065 2672 accipiuntur.

404 2687 528 2758 Laudis
549 2683 683 2755 abunde
698 2685 796 2755 nobis
815 2687 896 2774 erit,
910 2690 937 2758 si
959 2689 1050 2784 quod
1066 2691 1296 2785 promisimus,
1316 2703 1433 2758 totum

357 2812 532 2893 praestare3
547 2796 574 2865 si
588 2793 654 2864 hoe
668 2819 757 2864 antro
769 2799 966 2894 contingere
982 2799 1114 2869 licuerit
1128 2800 1252 2886 finem,
1268 2799 1310 2869 ad
1326 2823 1434 2894 quem

357 2905 550 2978 anhelantes
568 2907 673 3001 magis
689 2921 804 2975 nostra
825 2905 1030 3002 impellimur
1050 2910 1237 2998 voluntate,
1252 2935 1352 3004 quam
1372 2921 1436 2978 tua

355 3017 515 3114 cupidine
530 3015 706 3086 trahimur.
720 3021 794 3086 Jam
810 3020 1015 3115 propinquat
1032 3046 1071 3090 ac
1087 3047 1181 3116 paene
1194 3022 1282 3092 lucet
1294 3035 1438 3114 optatus

357 3130 446 3214 dies,
479 3152 586 3223 quum
615 3125 772 3197 ultimum
795 3128 918 3200 laboris
945 3133 1052 3201 nostri
1081 3132 1227 3202 fructum
1257 3130 1319 3200 tibi
1343 3129 1438 3200 offe-

359 3255 484 3325 rentes,
498 3263 567 3307 non
574 3239 643 3332 jam
652 3262 785 3332 preces,
794 3265 837 3310 ne
850 3241 1115 3329 faveredesinas3
1128 3242 1184 3312 sed
1197 3240 1288 3337 quod
1301 3239 1438 3309 tamdiu

360 3352 501 3438 fareris,
522 3350 644 3444 gratias
665 3350 834 3421 addemus.
862 3355 950 3422 Tum
967 3355 994 3422 si
1012 3353 1094 3447 quid
1111 3352 1153 3422 de
1172 3329 1318 3447 antiquis
1335 3351 1438 3420 Lati-

360 3487 483 3532 norum
498 3459 603 3529 literis
618 3458 703 3529 bene
721 3461 880 3531 meruisse
899 3488 960 3531 nos
975 3464 1168 3557 agnoveris,
1191 3461 1351 3556 suffragio
1373 3473 1441 3528 tuo

356 3572 428 3642 laeti
447 3572 600 3667 gratique
621 3571 885 3665 acquiescemus;
907 3597 968 3642 nec
983 3572 1174 3668 quindecim
1188 3587 1311 3642 nostrae
1327 3571 1443 3639 aetatis

362 3707 485 3768 annos,
501 3697 552 3751 tot
572 3681 742 3752 laboribus
756 3707 795 3753 ac
809 3682 948 3777 vigiliis,
963 3697 1014 3753 tot
1033 3685 1122 3754 curis
1140 3709 1179 3755 ac
1195 3681 1355 3752 molestiis
1377 3681 1444 3748 im-

363 3817 500 3888 pensos,
523 3793 551 3860 si
574 3791 639 3860 hoc
658 3793 768 3886 pretio
793 3787 1022 3863 conciliandus
1048 3795 1160 3882 fuisti,
1180 3818 1283 3889 parvo
1307 3789 1446 3858 foenore

360 3900 542 3973 collocatos
564 3903 812 3973 arbitrabimur.
832 3904 916 3974 Vale
931 3919 1031 3997 atque
1051 3905 1171 3972 iterum
1192 3901 1276 3971 vale.

412 4027 604 4097 Seribcham
629 4027 780 4110 Parisiis,
797 4028 895 4121 aprili
915 4054 1029 4096 mense
1051 4027 1151 4099 1832.

1188 4175 1229 4242 N.
1245 4174 1282 4242 Ε.
1298 4174 1336 4242 1..
