3116 5172
414 533 484 626 492
714 525 754 599 n.
780 528 965 601 anam
988 525 1191 600 seranum

559 654 761 746 Abavusque
778 665 871 721 tuam
889 673 959 720 non
978 649 1177 744 degenerem

821 761 963 856 Respice
980 758 1119 854 prolem.

606 873 690 958 Sed,
704 896 798 958 ecce,
812 885 907 940 vasto
924 871 1076 941 ooneitus
1089 867 1185 939 miles
1203 867 1310 964 gradu

557 981 736 1053 Manifesta
757 995 914 1077 properat
932 981 1028 1078 signa
1050 978 1171 1050 lutitiae
1184 979 1309 1050 ferens:

557 1095 710 1186 Namque
731 1091 827 1160 hasta
844 1115 974 1162 summo
993 1089 1139 1160 lauream
1161 1089 1250 1160 temo
1271 1091 1376 1185 gerit;
1433 1109 1466 1161 ³⁹·

556 1205 582 1270 F
584 1200 722 1296 idusque
740 1203 810 1297 regi
831 1224 962 1297 semper
977 1201 1162 1296 Eurybates
1178 1199 1281 1270 adest

452 1386 519 1443 ³86.
528 1387 683 1462 Abantaque,
697 1387 923 1459 Agamemnonis,
967 1399 1050 1442 ment.
1058 1386 1106 1441 lib.
1118 1389 1162 1454 11,
1172 1405 1230 1459 cap.
1243 1385 1270 1452 5,
1282 1386 1330 1441 nbi
1338 1385 1411 1440 docet
1420 1387 1458 1440 bn

410 1462 454 1518 eni
465 1479 540 1536 pater
552 1473 657 1534 Attene,
667 1469 744 1522 Jorie
754 1487 848 1540 nepos.
968 1467 1047 1521 etiam
1060 1481 1166 1522 vocatae
1177 1468 1279 1520 tabelias
1290 1465 1460 1519 nummsu

453 1548 517 1615 389.
534 1547 621 1619 Signa.
638 1548 785 1601 Victoriam
800 1559 926 1601 testantes
968 1545 1112 1602 etiietorea
1124 1547 1201 1600 tauro
1209 1543 1381 1610 ornabantur,
1388 1559 1414 1599 nt
1423 1563 1462 1614 pa·

412 1628 511 1693 Greci,
522 1627 612 1700 capiti,
621 1627 710 1694 baetin,
719 1627 811 1699 signis,
823 1628 925 1693 statuis,
969 1639 1006 1680 tet
1019 1645 1052 1681 ex
1066 1627 1142 1700 epist.
1153 1627 1292 1682 Ciceronis
1304 1625 1337 1680 ad
1351 1625 1459 1678 Atticum.

412 1707 550 1771 oarribue,
575 1707 712 1777 puppibus
727 1707 817 1762 laurus
831 1705 924 1780 affige·
969 1707 1127 1760 Mittebatur
1147 1705 1181 1760 ad
1201 1719 1320 1760 senatum
1344 1705 1459 1758 homin

410 1783 488 1853 bant;
502 1805 609 1840 necnon
632 1786 729 1853 literis,
755 1785 873 1852 ioribue,
888 1787 924 1840 fa·
967 1785 1044 1840 tovi·
1061 1786 1205 1857 Cupitoiini
1225 1786 1328 1857 gremio
1344 1802 1460 1856 reponeu·

411 1867 514 1932 acibus,
529 1879 580 1919 ete.
595 1867 717 1920 Romani.
966 1865 1092 1920 darnam
1103 1865 1203 1920 Getie·
1211 1866 1308 1920 haren
1318 1863 1459 1920 Claudianae

453 1945 517 2015 390.
529 1945 657 2000 Manem.
669 1945 799 2011 Romani,
812 1945 922 2000 viatoria
967 1946 1106 2011 meminit,
1124 1945 1287 2000 Pannonico
1315 1945 1408 1998 Plinim
1424 1945 1459 2013 jn·

411 2038 499 2098 parta,
513 2026 604 2080 multia
618 2026 698 2080 rebue
709 2027 815 2080 laurum
832 2025 922 2096 ailige-
965 2025 1036 2090 nior,
1045 2039 1071 2080 et
1084 2025 1224 2080 confirmat
1232 2025 1344 2092 Pacatus
1353 2026 1378 2077 in
1388 2023 1459 2076 ‘l'beo-

410 2105 494 2172 bant,
516 2106 558 2160 vel
570 2106 760 2178 preferebant,
776 2107 817 2159 eei
829 2105 920 2158 mitte·
965 2103 1036 2158 dosii
1061 2105 1236 2177 Panegyrico.
1259 2104 1458 2158 Redimiebantur

410 2185 489 2246 bant,
507 2197 573 2240 teate
588 2185 693 2251 Plinio,
709 2185 809 2240 flium.
825 2185 919 2241 Natat.
965 2186 1043 2239 hsta
1053 2185 1144 2252 ianro,
1156 2197 1186 2238 ut
1197 2184 1278 2239 docet
1291 2183 1417 2255 Papinius,
1428 2179 1457 2232 de

410 2261 458 2318 lib.
474 2265 537 2330 XV,
557 2281 615 2336 cap.
640 2267 684 2319 30.
708 2265 919 2320 Praeferebantur
963 2266 1065 2337 pietate
1082 2265 1250 2332 Abaaeantii,
1270 2265 1352 2318 tinv
1370 2263 1423 2316 Sile.
1436 2278 1457 2324 r,

410 2343 566 2415 imperatori
586 2346 675 2398 laurea
697 2349 776 2416 virgo
795 2358 820 2399 et
834 2346 918 2412 sareas
964 2363 1024 2414 92:
1047 2371 1058 2392 ι
1072 2343 1169 2398 Omnia
1191 2363 1253 2397 nam
1274 2345 1344 2397 letae
1364 2342 1410 2413 pila
1424 2351 1459 2392 at-

341 2427 345 2434 ’
410 2425 523 2489 humati,
534 2424 664 2478 Cicerone
676 2435 751 2490 teate,
762 2423 797 2478 de
807 2425 918 2480 Divina·
963 2425 1085 2478 tollentia
1096 2423 1218 2478 frondete
1231 2419 1458 2494 ·(utexpono,lan·

411 2504 485 2558 tione
499 2503 547 2556 lib.
569 2503 606 2556 11.
629 2504 781 2576 Capitolino
801 2505 830 2558 in
847 2504 919 2558 Gor·
965 2502 1086 2570 ioer)et
1096 2503 1130 2560 ad
1142 2506 1215 2558 bane
1226 2522 1326 2558 morem
1337 2501 1412 2555 alineit
1421 2499 1457 2552 bie

410 2581 512 2648 diano,
539 2583 713 2636 mittebantur
737 2581 771 2636 ad
798 2597 918 2636 uantum
965 2585 1075 2639 Seneca.
1097 2587 1164 2638 Item
1186 2585 1260 2656 rigna
1282 2582 1408 2644 militaria,
1427 2571 1462 2630 ei

411 2683 422 2706 ι
433 2663 556 2715 laureata
567 2662 675 2728 littere,
691 2687 702 2710 ι
716 2659 750 2715 de
762 2661 859 2733 quibua
871 2664 921 2718 Ca·
965 2664 1013 2718 ilio
1028 2661 1153 2730 Sidonii,
1172 2677 1338 2736 -atqneenas
1347 2659 1376 2713 ad
1389 2659 1457 2728 rigna

409 2741 515 2812 pitolin.
530 2741 558 2794 in
576 2742 686 2797 Maxim.
708 2741 857 2796 Marcellin.
877 2743 921 2797 Ci·
963 2745 1039 2815 jubet
1051 2745 1213 2800 revirescere
1226 2745 1336 2798 burna·
1351 2743 1430 2793 nrm.

410 2839 481 2888 cero,
489 2819 602 2876 Ovidius
616 2835 642 2876 et
655 2822 700 2875 aiii
712 2823 785 2876 citati
798 2821 920 2890 aPierio,
1006 2825 1074 2894 39¹·
1092 2823 1242 2896 Eurybates,
1256 2821 1387 2876 Ithaeentit
1397 2833 1457 2890 pr*

408 2897 457 2958 lib.
471 2902 494 2956 L
509 2901 685 2976 Hierogiypb.
700 2917 727 2956 et
740 2903 831 2968 Lario,
843 2901 921 2956 Com·
965 2921 1014 2970 eo,
1026 2917 1053 2959 et
1065 2904 1175 2960 nuntiae
1187 2899 1393 2977 Agamemnonia
