<?xml version="1.0" encoding="UTF-8"?>
<!DOCTYPE html PUBLIC "-//W3C//DTD XHTML 1.0 Transitional//EN"
    "http://www.w3.org/TR/xhtml1/DTD/xhtml1-transitional.dtd">
<html xmlns="http://www.w3.org/1999/xhtml" xml:lang="en" lang="en">
 <head>
  <title>
</title>
<meta http-equiv="Content-Type" content="text/html;charset=utf-8" />
  <meta name='ocr-system' content='tesseract 3.04.00' />
  <meta name='ocr-capabilities' content='ocr_page ocr_carea ocr_par ocr_line ocrx_word'/>
</head>
<body>
  <div class='ocr_page' id='page_1' title='image "./lannsenecparste01piergoog_0454.png"; bbox 0 0 3124 5162; ppageno 0'>
   <div class='ocr_carea' id='block_1_1' title="bbox 360 555 1197 637">
    <p class='ocr_par' dir='ltr' id='par_1_1' title="bbox 360 555 1197 637">
     <span class='ocr_line' id='line_1_1' title="bbox 360 555 1197 637; baseline -0.002 -11"><span class='ocrx_word' id='word_1_1' title='bbox 360 555 984 628; x_wconf 80' lang='lat' dir='ltr'>IMITATlONESGALLlCAE.</span> <span class='ocrx_word' id='word_1_2' title='bbox 1076 569 1078 576; x_wconf 82' lang='grc'><em>’</em></span> <span class='ocrx_word' id='word_1_3' title='bbox 1132 556 1197 637; x_wconf 74' lang='lat' dir='ltr'>lli!</span> 
     </span>
    </p>
   </div>
   <div class='ocr_carea' id='block_1_2' title="bbox 128 661 1274 3399">
    <p class='ocr_par' dir='ltr' id='par_1_2' title="bbox 143 661 1220 989">
     <span class='ocr_line' id='line_1_2' title="bbox 145 661 1220 774; baseline -0.002 -28"><span class='ocrx_word' id='word_1_4' title='bbox 145 690 250 746; x_wconf 87' lang='lat' dir='ltr'>ctores</span> <span class='ocrx_word' id='word_1_5' title='bbox 270 677 327 770; x_wconf 91' lang='lat' dir='ltr'>qui</span> <span class='ocrx_word' id='word_1_6' title='bbox 348 677 475 746; x_wconf 78' lang='lat' dir='ltr'>Medeae</span> <span class='ocrx_word' id='word_1_7' title='bbox 493 680 706 748; x_wconf 73' lang='lat' dir='ltr'>tractaverint</span> <span class='ocrx_word' id='word_1_8' title='bbox 723 691 974 774; x_wconf 84' lang='lat' dir='ltr'>argumentum,</span> <span class='ocrx_word' id='word_1_9' title='bbox 991 689 1057 744; x_wconf 89' lang='lat' dir='ltr'>tres</span> <span class='ocrx_word' id='word_1_10' title='bbox 1078 661 1220 756; x_wconf 85' lang='lat' dir='ltr'>solum·¹</span> 
     </span>
     <span class='ocr_line' id='line_1_3' title="bbox 144 785 1201 883; baseline 0.001 -31"><span class='ocrx_word' id='word_1_11' title='bbox 144 785 262 870; x_wconf 88' lang='lat' dir='ltr'>modo,</span> <span class='ocrx_word' id='word_1_12' title='bbox 279 811 319 854; x_wconf 95' lang='lat' dir='ltr'>ne</span> <span class='ocrx_word' id='word_1_13' title='bbox 338 788 372 854; x_wconf 92' lang='lat' dir='ltr'>in</span> <span class='ocrx_word' id='word_1_14' title='bbox 392 786 543 882; x_wconf 82' lang='lat' dir='ltr'>longiora</span> <span class='ocrx_word' id='word_1_15' title='bbox 557 792 788 883; x_wconf 82' lang='lat' dir='ltr'>protrahamus</span> <span class='ocrx_word' id='word_1_16' title='bbox 804 789 893 856; x_wconf 91' lang='lat' dir='ltr'>hunc</span> <span class='ocrx_word' id='word_1_17' title='bbox 907 811 1099 874; x_wconf 86' lang='lat' dir='ltr'>excursum,</span> <span class='ocrx_word' id='word_1_18' title='bbox 1114 785 1201 855; x_wconf 89' lang='lat' dir='ltr'>indi-</span> 
     </span>
     <span class='ocr_line' id='line_1_4' title="bbox 143 894 371 989; baseline 0.013 -28"><span class='ocrx_word' id='word_1_19' title='bbox 143 917 218 962; x_wconf 89' lang='lat' dir='ltr'>care</span> <span class='ocrx_word' id='word_1_20' title='bbox 238 894 371 989; x_wconf 84' lang='lat' dir='ltr'>placuit.</span> 
     </span>
    </p>

    <p class='ocr_par' dir='ltr' id='par_1_3' title="bbox 141 987 1235 1647">
     <span class='ocr_line' id='line_1_5' title="bbox 189 987 1202 1100; baseline -0.004 -28"><span class='ocrx_word' id='word_1_21' title='bbox 189 987 365 1074; x_wconf 74' lang='lat' dir='ltr'>⁸Lodoaico</span> <span class='ocrx_word' id='word_1_22' title='bbox 381 1004 720 1100; x_wconf 87' lang='lat' dir='ltr'>Dolce,quiVeuetiis</span> <span class='ocrx_word' id='word_1_23' title='bbox 734 1021 831 1074; x_wconf 86' lang='lat' dir='ltr'>natus</span> <span class='ocrx_word' id='word_1_24' title='bbox 845 1018 904 1088; x_wconf 85' lang='lat' dir='ltr'>est,</span> <span class='ocrx_word' id='word_1_25' title='bbox 918 1017 950 1071; x_wconf 88' lang='lat' dir='ltr'>et</span> <span class='ocrx_word' id='word_1_26' title='bbox 964 999 1105 1069; x_wconf 82' lang='lat' dir='ltr'>florebat</span> <span class='ocrx_word' id='word_1_27' title='bbox 1115 999 1202 1068; x_wconf 86' lang='lat' dir='ltr'>circa</span> 
     </span>
     <span class='ocr_line' id='line_1_6' title="bbox 142 1107 1202 1209; baseline -0.004 -30"><span class='ocrx_word' id='word_1_28' title='bbox 142 1113 288 1205; x_wconf 86' lang='lat' dir='ltr'>priorem</span> <span class='ocrx_word' id='word_1_29' title='bbox 314 1114 420 1208; x_wconf 91' lang='lat' dir='ltr'>quinti</span> <span class='ocrx_word' id='word_1_30' title='bbox 449 1114 567 1184; x_wconf 88' lang='lat' dir='ltr'>decimi</span> <span class='ocrx_word' id='word_1_31' title='bbox 594 1115 702 1186; x_wconf 86' lang='lat' dir='ltr'>saeculi</span> <span class='ocrx_word' id='word_1_32' title='bbox 729 1130 877 1209; x_wconf 87' lang='lat' dir='ltr'>partem,</span> <span class='ocrx_word' id='word_1_33' title='bbox 903 1127 978 1180; x_wconf 92' lang='lat' dir='ltr'>octo</span> <span class='ocrx_word' id='word_1_34' title='bbox 1006 1107 1202 1202; x_wconf 87' lang='lat' dir='ltr'>conscripsit</span> 
     </span>
     <span class='ocr_line' id='line_1_7' title="bbox 142 1218 1198 1317; baseline -0.005 -28"><span class='ocrx_word' id='word_1_35' title='bbox 142 1223 341 1315; x_wconf 79' lang='lat' dir='ltr'>tragoedias3</span> <span class='ocrx_word' id='word_1_36' title='bbox 361 1248 502 1317; x_wconf 89' lang='lat' dir='ltr'>quarum</span> <span class='ocrx_word' id='word_1_37' title='bbox 521 1225 720 1311; x_wconf 89' lang='lat' dir='ltr'>secundam,</span> <span class='ocrx_word' id='word_1_38' title='bbox 737 1223 896 1294; x_wconf 86' lang='lat' dir='ltr'>Medeam</span> <span class='ocrx_word' id='word_1_39' title='bbox 922 1218 1069 1299; x_wconf 86' lang='lat' dir='ltr'>scilicet,</span> <span class='ocrx_word' id='word_1_40' title='bbox 1095 1229 1198 1285; x_wconf 87' lang='lat' dir='ltr'>totam</span> 
     </span>
     <span class='ocr_line' id='line_1_8' title="bbox 141 1325 1198 1428; baseline -0.005 -30"><span class='ocrx_word' id='word_1_41' title='bbox 141 1330 213 1401; x_wconf 88' lang='lat' dir='ltr'>sere</span> <span class='ocrx_word' id='word_1_42' title='bbox 244 1358 262 1400; x_wconf 93' lang='lat' dir='ltr'>e</span> <span class='ocrx_word' id='word_1_43' title='bbox 288 1358 393 1427; x_wconf 83' lang='lat' dir='ltr'>graeco</span> <span class='ocrx_word' id='word_1_44' title='bbox 420 1335 588 1428; x_wconf 88' lang='lat' dir='ltr'>Euripidis</span> <span class='ocrx_word' id='word_1_45' title='bbox 614 1336 730 1418; x_wconf 90' lang='lat' dir='ltr'>vertit;</span> <span class='ocrx_word' id='word_1_46' title='bbox 762 1355 927 1427; x_wconf 86' lang='lat' dir='ltr'>perpauca</span> <span class='ocrx_word' id='word_1_47' title='bbox 959 1342 1130 1397; x_wconf 87' lang='lat' dir='ltr'>mutuatus</span> <span class='ocrx_word' id='word_1_48' title='bbox 1157 1325 1198 1394; x_wconf 93' lang='lat' dir='ltr'>ab</span> 
     </span>
     <span class='ocr_line' id='line_1_9' title="bbox 141 1436 1235 1530; baseline -0.003 -22"><span class='ocrx_word' id='word_1_49' title='bbox 141 1455 277 1509; x_wconf 90' lang='lat' dir='ltr'>auctore</span> <span class='ocrx_word' id='word_1_50' title='bbox 293 1443 432 1528; x_wconf 82' lang='lat' dir='ltr'>Latin03</span> <span class='ocrx_word' id='word_1_51' title='bbox 452 1468 511 1512; x_wconf 82' lang='lat' dir='ltr'>nec</span> <span class='ocrx_word' id='word_1_52' title='bbox 529 1443 705 1530; x_wconf 91' lang='lat' dir='ltr'>dubitavit,</span> <span class='ocrx_word' id='word_1_53' title='bbox 720 1443 940 1511; x_wconf 89' lang='lat' dir='ltr'>Horatianum</span> <span class='ocrx_word' id='word_1_54' title='bbox 956 1436 1108 1506; x_wconf 89' lang='lat' dir='ltr'>indocilis</span> <span class='ocrx_word' id='word_1_55' title='bbox 1120 1449 1200 1530; x_wconf 79' lang='lat' dir='ltr'>prae·</span> <span class='ocrx_word' id='word_1_56' title='bbox 1233 1450 1235 1454; x_wconf 86' lang='grc'><strong>’</strong></span> 
     </span>
     <span class='ocr_line' id='line_1_10' title="bbox 142 1548 1010 1647; baseline -0.001 -30"><span class='ocrx_word' id='word_1_57' title='bbox 142 1564 275 1642; x_wconf 89' lang='lat' dir='ltr'>ceptum</span> <span class='ocrx_word' id='word_1_58' title='bbox 292 1552 403 1643; x_wconf 83' lang='lat' dir='ltr'>sequi,</span> <span class='ocrx_word' id='word_1_59' title='bbox 422 1577 532 1621; x_wconf 88' lang='lat' dir='ltr'>coram</span> <span class='ocrx_word' id='word_1_60' title='bbox 553 1552 678 1647; x_wconf 94' lang='lat' dir='ltr'>populo</span> <span class='ocrx_word' id='word_1_61' title='bbox 697 1577 816 1647; x_wconf 88' lang='lat' dir='ltr'>pueros</span> <span class='ocrx_word' id='word_1_62' title='bbox 834 1548 1010 1619; x_wconf 89' lang='lat' dir='ltr'>trucidare.</span> 
     </span>
    </p>

    <p class='ocr_par' dir='ltr' id='par_1_4' title="bbox 135 1653 1274 2303">
     <span class='ocr_line' id='line_1_11' title="bbox 188 1653 1199 1759; baseline -0.008 -31"><span class='ocrx_word' id='word_1_63' title='bbox 188 1659 287 1753; x_wconf 85' lang='lat' dir='ltr'>Apud</span> <span class='ocrx_word' id='word_1_64' title='bbox 314 1665 516 1749; x_wconf 85' lang='lat' dir='ltr'>Germanos,</span> <span class='ocrx_word' id='word_1_65' title='bbox 544 1689 620 1732; x_wconf 91' lang='lat' dir='ltr'>ann.</span> <span class='ocrx_word' id='word_1_66' title='bbox 653 1663 761 1759; x_wconf 85' lang='lat'>1781,</span> <span class='ocrx_word' id='word_1_67' title='bbox 794 1664 915 1731; x_wconf 84' lang='lat' dir='ltr'>Gotter</span> <span class='ocrx_word' id='word_1_68' title='bbox 942 1658 1126 1726; x_wconf 87' lang='lat' dir='ltr'>breviorem</span> <span class='ocrx_word' id='word_1_69' title='bbox 1158 1653 1199 1721; x_wconf 90' lang='lat' dir='ltr'>de</span> 
     </span>
     <span class='ocr_line' id='line_1_12' title="bbox 138 1765 1262 1867; baseline -0.005 -32"><span class='ocrx_word' id='word_1_70' title='bbox 138 1767 277 1852; x_wconf 88' lang='lat' dir='ltr'>Medea,</span> <span class='ocrx_word' id='word_1_71' title='bbox 295 1772 464 1840; x_wconf 81' lang='lat' dir='ltr'>nescimus</span> <span class='ocrx_word' id='word_1_72' title='bbox 482 1796 525 1840; x_wconf 87' lang='lat' dir='ltr'>an</span> <span class='ocrx_word' id='word_1_73' title='bbox 542 1767 758 1867; x_wconf 74' lang='lat' dir='ltr'>tragaediam,</span> <span class='ocrx_word' id='word_1_74' title='bbox 776 1770 925 1864; x_wconf 73' lang='lat' dir='ltr'>scripsit,</span> <span class='ocrx_word' id='word_1_75' title='bbox 944 1767 1001 1834; x_wconf 91' lang='lat' dir='ltr'>ubi</span> <span class='ocrx_word' id='word_1_76' title='bbox 1022 1765 1199 1858; x_wconf 84' lang='lat' dir='ltr'>depingere</span> <span class='ocrx_word' id='word_1_77' title='bbox 1257 1839 1262 1848; x_wconf 23' lang='grc' dir='ltr'><strong>Δ</strong></span> 
     </span>
     <span class='ocr_line' id='line_1_13' title="bbox 138 1874 1199 1977; baseline -0.003 -33"><span class='ocrx_word' id='word_1_78' title='bbox 138 1879 306 1971; x_wconf 86' lang='lat' dir='ltr'>praecipue</span> <span class='ocrx_word' id='word_1_79' title='bbox 333 1904 505 1974; x_wconf 85' lang='lat' dir='ltr'>aggressus</span> <span class='ocrx_word' id='word_1_80' title='bbox 532 1898 581 1952; x_wconf 88' lang='lat' dir='ltr'>est</span> <span class='ocrx_word' id='word_1_81' title='bbox 608 1907 731 1977; x_wconf 87' lang='lat' dir='ltr'>pueros</span> <span class='ocrx_word' id='word_1_82' title='bbox 755 1907 774 1950; x_wconf 85' lang='lat' dir='ltr'>a</span> <span class='ocrx_word' id='word_1_83' title='bbox 802 1895 906 1954; x_wconf 86' lang='lat' dir='ltr'>matre</span> <span class='ocrx_word' id='word_1_84' title='bbox 933 1874 1199 1959; x_wconf 81' lang='lat' dir='ltr'>contrucidatos,</span> 
     </span>
     <span class='ocr_line' id='line_1_14' title="bbox 137 1981 1198 2081; baseline -0.003 -28"><span class='ocrx_word' id='word_1_85' title='bbox 137 2000 359 2081; x_wconf 86' lang='lat' dir='ltr'>naturamque</span> <span class='ocrx_word' id='word_1_86' title='bbox 385 2005 488 2059; x_wconf 89' lang='lat' dir='ltr'>totam</span> <span class='ocrx_word' id='word_1_87' title='bbox 511 1991 714 2061; x_wconf 90' lang='lat' dir='ltr'>horrendum</span> <span class='ocrx_word' id='word_1_88' title='bbox 741 1994 776 2060; x_wconf 92' lang='lat' dir='ltr'>in</span> <span class='ocrx_word' id='word_1_89' title='bbox 803 1989 940 2058; x_wconf 81' lang='lat' dir='ltr'>niodum</span> <span class='ocrx_word' id='word_1_90' title='bbox 967 1985 1025 2054; x_wconf 86' lang='lat' dir='ltr'>tali</span> <span class='ocrx_word' id='word_1_91' title='bbox 1046 1981 1198 2053; x_wconf 59' lang='lat' dir='ltr'>‘facinore</span> 
     </span>
     <span class='ocr_line' id='line_1_15' title="bbox 135 2095 1274 2194; baseline -0.004 -31"><span class='ocrx_word' id='word_1_92' title='bbox 135 2096 306 2165; x_wconf 87' lang='lat' dir='ltr'>turhatam</span> <span class='ocrx_word' id='word_1_93' title='bbox 336 2114 370 2170; x_wconf 82' lang='lat' dir='ltr'>et</span> <span class='ocrx_word' id='word_1_94' title='bbox 391 2100 652 2194; x_wconf 79' lang='lat' dir='ltr'>expavefactum,</span> <span class='ocrx_word' id='word_1_95' title='bbox 679 2127 714 2170; x_wconf 90' lang='lat' dir='ltr'>re</span> <span class='ocrx_word' id='word_1_96' title='bbox 742 2115 808 2170; x_wconf 92' lang='lat' dir='ltr'>tota</span> <span class='ocrx_word' id='word_1_97' title='bbox 835 2096 940 2168; x_wconf 90' lang='lat' dir='ltr'>oculis</span> <span class='ocrx_word' id='word_1_98' title='bbox 962 2096 1073 2190; x_wconf 89' lang='lat' dir='ltr'>potius</span> <span class='ocrx_word' id='word_1_99' title='bbox 1097 2117 1197 2187; x_wconf 89' lang='lat' dir='ltr'>quarn</span> <span class='ocrx_word' id='word_1_100' title='bbox 1271 2095 1274 2103; x_wconf 68' lang='lat'>‘</span> 
     </span>
     <span class='ocr_line' id='line_1_16' title="bbox 135 2205 1014 2303; baseline 0.009 -33"><span class='ocrx_word' id='word_1_101' title='bbox 135 2205 250 2272; x_wconf 88' lang='lat' dir='ltr'>animo</span> <span class='ocrx_word' id='word_1_102' title='bbox 272 2205 408 2299; x_wconf 84' lang='lat' dir='ltr'>legentis</span> <span class='ocrx_word' id='word_1_103' title='bbox 427 2211 607 2303; x_wconf 86' lang='lat' dir='ltr'>proposita.</span> <span class='ocrx_word' id='word_1_104' title='bbox 1012 2295 1014 2300; x_wconf 23' lang='grc' dir='ltr'>Ι</span> 
     </span>
    </p>

    <p class='ocr_par' dir='ltr' id='par_1_5' title="bbox 128 2313 1253 3399">
     <span class='ocr_line' id='line_1_17' title="bbox 185 2313 1196 2414; baseline -0.004 -32"><span class='ocrx_word' id='word_1_105' title='bbox 185 2314 285 2407; x_wconf 90' lang='lat' dir='ltr'>Apud</span> <span class='ocrx_word' id='word_1_106' title='bbox 306 2315 430 2412; x_wconf 82' lang='lat' dir='ltr'>Anglos</span> <span class='ocrx_word' id='word_1_107' title='bbox 449 2318 611 2413; x_wconf 90' lang='lat' dir='ltr'>denique,</span> <span class='ocrx_word' id='word_1_108' title='bbox 627 2344 717 2388; x_wconf 76' lang='lat' dir='ltr'>aritio</span> <span class='ocrx_word' id='word_1_109' title='bbox 739 2317 840 2414; x_wconf 82' lang='lat'>1761,</span> <span class='ocrx_word' id='word_1_110' title='bbox 856 2332 953 2412; x_wconf 92' lang='lat' dir='ltr'>poeta</span> <span class='ocrx_word' id='word_1_111' title='bbox 975 2313 1110 2409; x_wconf 90' lang='lat' dir='ltr'>quidam</span> <span class='ocrx_word' id='word_1_112' title='bbox 1126 2313 1196 2380; x_wconf 82' lang='lat' dir='ltr'>An-</span> 
     </span>
     <span class='ocr_line' id='line_1_18' title="bbox 135 2421 1196 2524; baseline -0.002 -33"><span class='ocrx_word' id='word_1_113' title='bbox 135 2422 228 2516; x_wconf 90' lang='lat' dir='ltr'>glus,</span> <span class='ocrx_word' id='word_1_114' title='bbox 253 2423 400 2512; x_wconf 81' lang='lat' dir='ltr'>Glover,</span> <span class='ocrx_word' id='word_1_115' title='bbox 430 2445 578 2498; x_wconf 84' lang='lat' dir='ltr'>exactam</span> <span class='ocrx_word' id='word_1_116' title='bbox 601 2445 634 2498; x_wconf 88' lang='lat' dir='ltr'>et</span> <span class='ocrx_word' id='word_1_117' title='bbox 660 2453 785 2524; x_wconf 74' lang='lat' dir='ltr'>magnae</span> <span class='ocrx_word' id='word_1_118' title='bbox 808 2426 903 2496; x_wconf 88' lang='lat' dir='ltr'>molis</span> <span class='ocrx_word' id='word_1_119' title='bbox 933 2424 1126 2520; x_wconf 85' lang='lat' dir='ltr'>tragoediam</span> <span class='ocrx_word' id='word_1_120' title='bbox 1156 2421 1196 2489; x_wconf 93' lang='lat' dir='ltr'>de</span> 
     </span>
     <span class='ocr_line' id='line_1_19' title="bbox 133 2532 1196 2633; baseline -0.001 -33"><span class='ocrx_word' id='word_1_121' title='bbox 133 2532 256 2611; x_wconf 85' lang='lat' dir='ltr'>Medea</span> <span class='ocrx_word' id='word_1_122' title='bbox 274 2539 477 2629; x_wconf 90' lang='lat' dir='ltr'>composuit,</span> <span class='ocrx_word' id='word_1_123' title='bbox 492 2540 637 2633; x_wconf 87' lang='lat' dir='ltr'>vestigiis</span> <span class='ocrx_word' id='word_1_124' title='bbox 660 2553 731 2608; x_wconf 88' lang='lat' dir='ltr'>tum</span> <span class='ocrx_word' id='word_1_125' title='bbox 749 2539 885 2623; x_wconf 78' lang='lat' dir='ltr'>Graecis,</span> <span class='ocrx_word' id='word_1_126' title='bbox 904 2552 974 2605; x_wconf 91' lang='lat' dir='ltr'>tum</span> <span class='ocrx_word' id='word_1_127' title='bbox 993 2534 1121 2604; x_wconf 88' lang='lat' dir='ltr'>Latinis</span> <span class='ocrx_word' id='word_1_128' title='bbox 1142 2557 1196 2600; x_wconf 93' lang='lat' dir='ltr'>ra·</span> 
     </span>
     <span class='ocr_line' id='line_1_20' title="bbox 133 2642 1196 2734; baseline 0.002 -26"><span class='ocrx_word' id='word_1_129' title='bbox 133 2642 205 2710; x_wconf 87' lang='lat' dir='ltr'>rius</span> <span class='ocrx_word' id='word_1_130' title='bbox 229 2644 521 2734; x_wconf 86' lang='lat' dir='ltr'>adhaerescentem,</span> <span class='ocrx_word' id='word_1_131' title='bbox 543 2643 576 2716; x_wconf 71' lang='lat' dir='ltr'>el</span> <span class='ocrx_word' id='word_1_132' title='bbox 602 2650 811 2733; x_wconf 87' lang='lat' dir='ltr'>Britannica,</span> <span class='ocrx_word' id='word_1_133' title='bbox 842 2648 909 2716; x_wconf 87' lang='lat' dir='ltr'>fere</span> <span class='ocrx_word' id='word_1_134' title='bbox 933 2648 1080 2716; x_wconf 89' lang='lat' dir='ltr'>dicamus</span> <span class='ocrx_word' id='word_1_135' title='bbox 1104 2643 1196 2713; x_wconf 78' lang='lat' dir='ltr'>Sha-</span> 
     </span>
     <span class='ocr_line' id='line_1_21' title="bbox 132 2751 1197 2852; baseline 0 -32"><span class='ocrx_word' id='word_1_136' title='bbox 132 2751 388 2849; x_wconf 82' lang='lat' dir='ltr'>kespeariana,</span> <span class='ocrx_word' id='word_1_137' title='bbox 409 2756 609 2842; x_wconf 84' lang='lat' dir='ltr'>obscuritate</span> <span class='ocrx_word' id='word_1_138' title='bbox 627 2757 868 2852; x_wconf 87' lang='lat' dir='ltr'>insolentiaque</span> <span class='ocrx_word' id='word_1_139' title='bbox 887 2756 1053 2826; x_wconf 81' lang='lat' dir='ltr'>diffusam.</span> <span class='ocrx_word' id='word_1_140' title='bbox 1073 2757 1197 2822; x_wconf 86' lang='lat' dir='ltr'>Recur-</span> 
     </span>
     <span class='ocr_line' id='line_1_22' title="bbox 132 2861 1253 2964; baseline -0.004 -32"><span class='ocrx_word' id='word_1_141' title='bbox 132 2889 208 2933; x_wconf 88' lang='lat' dir='ltr'>rere</span> <span class='ocrx_word' id='word_1_142' title='bbox 231 2878 340 2964; x_wconf 77' lang='lat' dir='ltr'>autent</span> <span class='ocrx_word' id='word_1_143' title='bbox 366 2865 480 2951; x_wconf 86' lang='lat' dir='ltr'>libeat,</span> <span class='ocrx_word' id='word_1_144' title='bbox 501 2867 528 2933; x_wconf 93' lang='lat' dir='ltr'>si</span> <span class='ocrx_word' id='word_1_145' title='bbox 554 2871 630 2959; x_wconf 89' lang='lat' dir='ltr'>quis</span> <span class='ocrx_word' id='word_1_146' title='bbox 660 2867 700 2935; x_wconf 89' lang='lat' dir='ltr'>de</span> <span class='ocrx_word' id='word_1_147' title='bbox 729 2869 794 2934; x_wconf 92' lang='lat' dir='ltr'>hoc</span> <span class='ocrx_word' id='word_1_148' title='bbox 821 2891 920 2959; x_wconf 92' lang='lat' dir='ltr'>opere</span> <span class='ocrx_word' id='word_1_149' title='bbox 944 2865 1007 2933; x_wconf 88' lang='lat' dir='ltr'>sibi</span> <span class='ocrx_word' id='word_1_150' title='bbox 1036 2861 1196 2955; x_wconf 84' lang='lat' dir='ltr'>ampliora</span> <span class='ocrx_word' id='word_1_151' title='bbox 1226 2921 1253 2938; x_wconf 18' lang='lat'>.-</span> 
     </span>
     <span class='ocr_line' id='line_1_23' title="bbox 130 2970 1197 3068; baseline -0.004 -28"><span class='ocrx_word' id='word_1_152' title='bbox 130 2971 281 3042; x_wconf 82' lang='lat' dir='ltr'>roluerit</span> <span class='ocrx_word' id='word_1_153' title='bbox 301 2973 438 3059; x_wconf 82' lang='lat' dir='ltr'>offerri,</span> <span class='ocrx_word' id='word_1_154' title='bbox 464 2975 505 3042; x_wconf 91' lang='lat' dir='ltr'>ad</span> <span class='ocrx_word' id='word_1_155' title='bbox 526 2999 609 3068; x_wconf 89' lang='lat' dir='ltr'>opus</span> <span class='ocrx_word' id='word_1_156' title='bbox 635 3001 704 3062; x_wconf 83' lang='lat' dir='ltr'>nop</span> <span class='ocrx_word' id='word_1_157' title='bbox 730 2974 939 3043; x_wconf 88' lang='lat' dir='ltr'>mediocriter</span> <span class='ocrx_word' id='word_1_158' title='bbox 960 2970 1197 3041; x_wconf 89' lang='lat' dir='ltr'>commendan-</span> 
     </span>
     <span class='ocr_line' id='line_1_24' title="bbox 132 3077 1240 3190; baseline -0.003 -41"><span class='ocrx_word' id='word_1_159' title='bbox 132 3081 240 3164; x_wconf 88' lang='lat' dir='ltr'>dum,</span> <span class='ocrx_word' id='word_1_160' title='bbox 261 3080 412 3152; x_wconf 75' lang='lat' dir='ltr'>The&#39;citre</span> <span class='ocrx_word' id='word_1_161' title='bbox 428 3083 490 3152; x_wconf 80' lang='lat' dir='ltr'>des</span> <span class='ocrx_word' id='word_1_162' title='bbox 510 3086 633 3166; x_wconf 82' lang='lat' dir='ltr'>Graes,</span> <span class='ocrx_word' id='word_1_163' title='bbox 647 3083 709 3152; x_wconf 83' lang='lat' dir='ltr'>vol.</span> <span class='ocrx_word' id='word_1_164' title='bbox 730 3089 799 3166; x_wconf 86' lang='lat' dir='ltr'>Vl,</span> <span class='ocrx_word' id='word_1_165' title='bbox 821 3109 896 3178; x_wconf 88' lang='lat' dir='ltr'>pag.</span> <span class='ocrx_word' id='word_1_166' title='bbox 911 3081 1001 3167; x_wconf 79' lang='lat'>335,</span> <span class='ocrx_word' id='word_1_167' title='bbox 1017 3081 1075 3148; x_wconf 90' lang='lat' dir='ltr'>ubi</span> <span class='ocrx_word' id='word_1_168' title='bbox 1094 3077 1194 3147; x_wconf 78' lang='lat' dir='ltr'>inte&#39;r·</span> <span class='ocrx_word' id='word_1_169' title='bbox 1218 3135 1240 3190; x_wconf 38' lang='grc' dir='ltr'>ἐ,</span> 
     </span>
     <span class='ocr_line' id='line_1_25' title="bbox 128 3190 1220 3288; baseline 0.001 -31"><span class='ocrx_word' id='word_1_170' title='bbox 128 3206 244 3285; x_wconf 90' lang='lat' dir='ltr'>pretes</span> <span class='ocrx_word' id='word_1_171' title='bbox 274 3207 462 3260; x_wconf 89' lang='lat' dir='ltr'>accuratam</span> <span class='ocrx_word' id='word_1_172' title='bbox 486 3208 519 3260; x_wconf 89' lang='lat' dir='ltr'>et</span> <span class='ocrx_word' id='word_1_173' title='bbox 546 3193 669 3262; x_wconf 88' lang='lat' dir='ltr'>criticis</span> <span class='ocrx_word' id='word_1_174' title='bbox 693 3209 822 3262; x_wconf 87' lang='lat' dir='ltr'>auctam</span> <span class='ocrx_word' id='word_1_175' title='bbox 859 3190 1220 3288; x_wconf 50' lang='grc' dir='ltr'>1111111111(ψεὶουὶ11111·1Ι</span> 
     </span>
     <span class='ocr_line' id='line_1_26' title="bbox 132 3291 1208 3399; baseline 0.003 -29"><span class='ocrx_word' id='word_1_176' title='bbox 132 3301 342 3370; x_wconf 90' lang='lat' dir='ltr'>mentionem</span> <span class='ocrx_word' id='word_1_177' title='bbox 360 3301 399 3369; x_wconf 87' lang='lat' dir='ltr'>de</span> <span class='ocrx_word' id='word_1_178' title='bbox 422 3303 484 3372; x_wconf 91' lang='lat' dir='ltr'>hac</span> <span class='ocrx_word' id='word_1_179' title='bbox 507 3305 665 3399; x_wconf 86' lang='lat' dir='ltr'>tragoedia</span> <span class='ocrx_word' id='word_1_180' title='bbox 684 3306 842 3373; x_wconf 85' lang='lat' dir='ltr'>fecerunt.</span> <span class='ocrx_word' id='word_1_181' title='bbox 1186 3291 1208 3318; x_wconf 57' lang='lat'>&#39;&#39;</span> 
     </span>
    </p>
   </div>
   <div class='ocr_carea' id='block_1_3' title="bbox 0 0 1566 5162">
    <p class='ocr_par' dir='ltr' id='par_1_6' title="bbox 0 0 1566 5162">
     <span class='ocr_line' id='line_1_27' title="bbox 0 0 1566 5162; baseline 0 7"><span class='ocrx_word' id='word_1_182' title='bbox 0 0 1566 5162; x_wconf 95' lang='lat' dir='ltr'> </span> 
     </span>
    </p>
   </div>
  </div>
 </body>
</html>
