3124 5162
365 500 437 584 ut
661 497 701 564 a.
727 497 903 567 aunan
928 499 1163 596 suruacn⁸

311 705 316 712 ι
413 623 547 690 Secreta
564 615 655 687 nudo
673 641 810 687 nemora
826 616 963 688 lustravi
983 621 1078 714 pede.

411 733 455 798 Et
478 726 612 796 evocavi
636 727 780 795 nubibus
803 728 896 796 siccis
914 753 1041 823 aquas3

413 840 542 932 Egique
559 835 601 904 ad
623 839 725 904 imum
742 837 864 923 maria,
882 852 916 907 et
932 843 1084 908 Oceanus
1100 863 1215 934 graves
1395 869 1434 920 ,ss

414 947 558 1018 Interius
578 944 682 1013 undas
700 946 832 1014 aestibus
854 947 948 1016 victis
965 948 1067 1018 dedit:

414 1059 609 1150 Pariterque
624 1053 769 1124 mundus
789 1053 859 1150 lege
876 1056 1013 1127 confusa
1031 1058 1163 1127 aetheris

413 1171 456 1236 Et
474 1165 576 1236 solem
595 1180 628 1234 et
644 1179 730 1234 astra
747 1165 852 1252 vidit3
870 1185 903 1235 ct
921 1169 1059 1236 vetitum
1075 1193 1166 1238 mare

367 1343 369 1357 ,
412 1276 598 1372 Tetigistis,
619 1278 723 1344 Ursae.
740 1277 941 1370 Temporum
958 1276 1033 1346 flexi
1052 1279 1156 1346 vices:

413 1387 537 1458 AEstiva
558 1383 655 1453 tellus
676 1383 791 1452 floruit
808 1399 908 1454 cantu
924 1409 1016 1472 mco,

413 1501 554 1567 Mensem
575 1507 687 1562 coacta
706 1493 977 1580 vidithibernanr
994 1499 1104 1565 Ceres.

412 1603 569 1676 Violeuta
587 1603 703 1672 Phasis
719 1604 817 1671 vertit
836 1604 869 1672 in
891 1602 1015 1672 fontem
1033 1602 1137 1691 vada3

364 1774 514 1834 operatura,
527 1777 610 1812 naum
629 1771 705 1811 exuta
720 1757 816 1828 pedem
829 1760 871 1810 in·
919 1759 969 1812 bus
982 1773 1008 1814 et
1022 1757 1237 1830 imperatoribus,
1252 1759 1326 1815 unde
1338 1767 1434 1816 emera·

366 1842 483 1896 ducitur.
494 1836 572 1910 Apud
587 1837 676 1890 Valer.
695 1837 779 1890 Flacc.
799 1849 872 1891 vates
919 1838 1025 1892 milites.

364 1921 437 1978 idem
451 1921 580 1982 iacturas,
593 1917 644 1980 111,
658 1917 727 1983 435,
741 1941 753 1964 ι
766 1917 872 1970 vincula
960 1919 1026 1988 756.
1035 1917 1118 1970 Undae
1130 1921 1228 1970 isterius
1237 1918 1355 1972 deditln
1366 1921 1432 1974 sab·

364 2001 466 2056 solvere
483 2009 610 2050 monstrat
629 1995 716 2048 Prima
735 1994 843 2066 pedum.
858 2022 870 2043 ι
919 1997 1037 2050 missiors
1060 1997 1118 2050 loca
1138 1997 1247 2050 retraxit
1269 1997 1363 2052 undas.
1388 2031 1431 2041 -

366 2081 459 2134 Horat.
475 2077 529 2130 Sat.
543 2077 574 2150 1,
587 2081 614 2141 8,
626 2095 664 2128 vs.
679 2081 728 2139 sl,
739 2075 831 2127 scribit
847 2093 874 2127 se
918 2075 1032 2128 AEstr'bas
1044 2079 1126 2130 uictis.
1137 2076 1300 2147 Compressis
1312 2077 1431 2134 fluxibus

366 2157 462 2212 vidisse
478 2183 489 2204 ι
501 2153 637 2208 Canidiam
655 2153 766 2224 pedihus
778 2151 873 2218 nadis,
919 2166 946 2207 et
959 2154 1112 2208 refluxibus.

365 2253 495 2310 passoque
514 2235 619 2305 capillo.
629 2258 640 2278 ι
664 2231 744 2286 Ovid.
766 2235 875 2288 lictant.
960 2233 1026 2306 757.
1038 2236 1187 2306 Pariterqus.
1202 2233 1265 2288 Uno
1279 2233 1430 2309 eodemque

364 2318 480 2383 V11,vs.
492 2316 544 2368 tila
560 2333 617 2385 sqq.
632 2299 791 2382 «Egreditur
803 2312 876 2365 tectis
920 2313 1153 2383 tempore—Lege
1162 2314 1430 2378 ermenricum.

363 2410 449 2451 vestes
464 2393 557 2447 induta
575 2391 717 2456 recinctss;
734 2391 812 2445 Nuda
827 2409 875 2462 pe·
960 2393 1027 2460 758.
1047 2393 1133 2445 Ama.
1155 2391 1270 2464 Supple,
1289 2406 1428 2450 nocturna.

365 2475 442 2539 dem,
469 2471 554 2526 nudos
577 2471 694 2524 hunteris
718 2471 805 2524 infusa
831 2488 875 2524 ca·
919 2472 957 2523 Et
972 2472 1044 2524 solem
1062 2483 1087 2524 et
1105 2472 1217 2526 astuid.
1231 2471 1317 2526 Simul
1332 2493 1429 2546 nempe

366 2553 476 2628 pillos·
919 2569 973 2602 uno
1007 2549 1154 2624 codemque
1183 2563 1318 2623 ternpore,
1344 2573 1429 2626 quum

406 2635 461 2702 75²
482 2649 522 2700 sq.
542 2631 580 2682 Et
598 2632 707 2692 evocavi,
727 2639 778 2680 etc.
801 2626 875 2692 Quid
918 2629 1017 2700 alioqui
1036 2631 1141 2684 lucente
1159 2632 1214 2684 sole
1229 2645 1297 2685 astra
1315 2651 1369 2684 non
1383 2653 1431 2706 sp-

364 2711 460 2786 possit,
475 2707 540 2780 quid
555 2707 673 2760 effecerit
690 2725 738 2778 per
749 2707 804 2759 vim
820 2726 874 2760 ms·
917 2723 1038 2779 pereant.
1052 2741 1091 2753 -
1108 2711 1214 2762 Vetitum
1232 2729 1306 2765 more.
1320 2713 1431 2784 Thyes.

364 2793 449 2866 gicam
465 2799 616 2848 enumerat,
631 2785 770 2857 inquibus
788 2787 875 2856 plera·
917 2805 955 2840 ss.
972 2793 1038 2858 677.
1048 2785 1133 2844 ,Orid
1147 2789 1214 2842 Met.
1229 2789 1272 2855 11,
1294 2808 1333 2843 rs.
1350 2811 1429 2862 1722

364 2889 418 2944 que
426 2869 488 2922 laiss
497 2886 504 2920 :
513 2884 570 2940 quse
582 2867 654 2920 enim
663 2867 706 2918 vel
719 2883 766 2934 per
772 2878 874 2918 motura
921 2891 932 2915 ι
943 2867 976 2920 Et
983 2869 1064 2921 vetito
1077 2869 1172 2922 frustra
1182 2879 1432 2942 teatsnrnsmqaore

363 2951 492 3012 localem,
507 2947 548 2999 rel
568 2965 609 3000 res
629 2945 760 3000 naturales
776 2945 874 2998 accele·
918 2946 994 3016 tingi.
1004 2972 1016 2994 ι
1030 2945 1167 3002 Claudiam
1177 2946 1212 3001 de
1225 2950 1313 3019 Raptu
1324 2951 1433 3004 Pmou-

363 3029 464 3092 raudo,
483 3029 524 3080 vel
540 3024 724 3097 impediendo,
739 3025 781 3076 vel
793 3025 874 3078 sensi·
916 3025 1053 3096 pino,11,
1072 3027 1144 3096 189:
1161 3053 1172 3075 ι
1182 3028 1266 3081 vetito
1282 3045 1308 3080 se
1323 3029 1432 3099 proluit

363 3110 414 3163 bus
432 3105 569 3160 illudendo
586 3105 643 3158 lieri
658 3115 785 3175 possunt,
809 3121 873 3171 ope·
917 3107 1011 3158 Arctos
1024 3121 1140 3176 equore.
1151 3133 1163 3153 ι
1177 3107 1217 3158 De
1232 3107 1334 3172 fabula,
1353 3108 1431 3165 alias.

362 3188 474 3241 rebatur
492 3185 602 3238 Damon
618 3201 666 3255 per
681 3199 771 3251 magos
785 3199 846 3234 suos
865 3201 872 3235 :
916 3183 980 3237 vid.
991 3185 1090 3256 Hygia.
1101 3186 1207 3239 Astron.
1218 3185 1266 3239 lib.
1276 3187 1304 3238 11
1314 3199 1341 3240 et
1356 3187 1409 3241 111.

253 3323 258 3330 ,
363 3265 479 3320 universi
488 3277 575 3315 autem
586 3260 707 3315 ordinem
720 3277 733 3312 a
745 3261 874 3312 Deocou·
956 3267 1019 3333 760.
1037 3263 1148 3318 AEstivo.
1169 3265 1232 3318 seit.
1246 3265 1325 3318 etiem
1344 3285 1428 3340 quum

362 3345 482 3398 stitutum
494 3357 665 3394 morerenoo
678 3339 782 3390 valebat
796 3357 803 3392 τ
817 3357 871 3392 non
915 3360 963 3414 per
983 3344 1085 3396 aestivos
1106 3344 1223 3398 fervores
1238 3343 1307 3398 sicca
1319 3345 1430 3418 langue.

362 3425 451 3496 itaque
462 3421 545 3474 solem
557 3433 602 3472 aut
616 3420 705 3479 lunam
723 3415 871 3484 deducere,
914 3435 954 3476 ret
970 3435 995 3474 er
1012 3420 1094 3476 arida.

362 3521 418 3555 non
430 3502 536 3555 orbium
547 3499 687 3553 caelestium
701 3515 807 3550 cursum
817 3515 873 3550 ruu-
956 3503 1023 3572 761.
1050 3501 1151 3556 Coacta.
1178 3502 1297 3557 Incolitis
1324 3503 1428 3574 legibus

362 3595 427 3636 tare.
437 3579 527 3634 Fran.
543 3577 626 3630 -Vi
640 3577 763 3631 carminis
776 3577 872 3648 magici
914 3598 1007 3651 parere
1020 3583 1098 3652 jussa.
1387 3577 1390 3587 ⁴

362 3659 457 3714 elicui:
472 3657 523 3711 hoc
541 3658 611 3710 enirn
629 3656 819 3728 utplurimum
836 3657 871 3710 si·
956 3663 1023 3730 762.
1045 3659 1159 3712 linteata
1170 3659 1246 3712 vado.
1263 3662 1429 3715 Immensum

361 3740 467 3814 gnificat
487 3738 597 3790 verbum
615 3736 746 3797 evocandir
764 3731 869 3806 δύναμιν
914 3756 1044 3809 aquaram
1055 3739 1333 3810 agmen—Iasonem
1340 3745 1429 3806 mersu,

361 3831 388 3873 et
403 3817 544 3891 imperium
565 3813 723 3887 quoddam:
741 3813 801 3866 ideo
823 3815 871 3867 tri·
914 3817 946 3870 ad
961 3817 1064 3871 iontem
1082 3831 1154 3870 retro
1173 3819 1235 3887 egit.
1254 3820 1377 3872 Gallicus
1389 3821 1433 3873 in-

359 3899 452 3952 buitur
468 3896 510 3950 vel
524 3896 592 3950 Diis:
607 3896 683 3966 Virg.
698 3897 756 3948 AEn.
770 3894 820 3958 IV,
831 3911 869 3948 vs.
914 3910 1029 3968 terpres,
1039 3915 1129 3951 errore
1139 3915 1218 3968 quem
1229 3898 1275 3950 six
1286 3897 1432 3952 debuimus

363 3983 417 4042 sis
429 3996 435 4030 :
445 4001 455 4022 ι
500 3993 588 4028 manes
600 3987 691 4026 evocat
702 3973 786 4036 Orco;
801 3998 812 4020 ι
828 3975 869 4026 sel
913 3975 1046 4030 indicare:
1063 3977 1138 4030 dies
1152 3976 1273 4030 charmes
1285 3987 1334 4031 ont
1346 3979 1432 4032 etna

360 4057 455 4128 magis,
469 4068 498 4109 ut
511 4057 555 4107 hic
564 4073 572 4121 ς
582 4055 622 4106 vel
636 4051 764 4116 dominis,
776 4063 806 4103 ut
818 4051 871 4104 ire·
914 4059 945 4126 gc
963 4075 995 4108 en
1007 4055 1098 4110 laibles
1114 4056 1249 4110 missenus
1261 4057 1300 4112 les
1313 4067 1434 4114 tomenta

358 4150 469 4210 quenter
478 4135 505 4188 in
514 4131 706 4199 cornoediis,rel
714 4130 870 4204 magistrati·
914 4135 1068 4208 impe'tucux
1080 4135 1116 4190 rlu
1129 4136 1241 4189 Phase-
