3008 5158
377 553 443 634 140
670 545 709 616 L.
738 549 909 617 nuunr
934 547 1147 616 sennen
1193 527 1197 537 “

431 673 437 688 ’
517 671 659 744 Labitur
678 668 787 763 segnis
804 694 811 736 :
828 667 941 762 patuit.
955 667 1016 736 sub
1039 669 1120 735 ictu.

515 781 678 850 Ponderis
697 781 780 850 vasti
802 778 947 849 resoluta
966 779 1100 848 cervix:

518 892 589 960 Nec
607 915 706 958 cruor
728 889 851 959 ferrum
871 887 1073 958 maculavit:
1095 902 1167 956 atra

513 1000 636 1092 Turpis
657 1025 675 1067 e
692 997 790 1094 plaga
809 1000 916 1069 sanies
932 998 1070 1093 profusa
1087 1011 1146 1067 est.

517 1110 660 1204 Segnior
681 1133 782 1179 cursu
803 1111 934 1204 sonipes
953 1110 986 1176 in
1008 1109 1080 1202 ipso

521 1218 677 1290 Concidit
699 1245 804 1315 gyro,
823 1220 1065 1312 dominumque
1084 1243 1191 1312 prono
1217 1287 1220 1294 ,

856 1327 1010 1398 Prodidit
1028 1353 1131 1396 arrno.

505 1439 685 1508 incubant
704 1438 808 1532 pratis
826 1439 969 1532 pecudes
991 1437 1122 1507 relictae.

514 1551 646 1618 Taurus
661 1563 812 1618 armento
832 1563 993 1643 pereunte
1012 1561 1145 1617 marcet.

516 1656 638 1728 Deficit
660 1673 773 1753 pastor
790 1683 894 1754 grege
917 1659 1098 1746 diminuto,

372 1865 711 1938 immolabanturvictimse
736 1879 883 1932 coronatis,
926 1884 1072 1922 noneruor
1089 1885 1121 1919 ex
1134 1865 1209 1937 plaga
1223 1862 1372 1917 effunditur
1389 1865 1436 1916 ler-

373 1947 488 2012 rittntae,
503 1947 628 2000 cornibus
645 1947 755 2014 auratis,
771 1959 798 2000 et
809 1947 883 2000 fron·
928 1965 1042 2018 rumque
1059 1945 1181 1998 meculat.

374 2039 426 2080 tem
441 2025 526 2080 aureis
547 2026 659 2081 bracteis
673 2039 779 2081 ornatis.
797 2027 882 2079 Fies.
971 2029 1035 2094 139.
1044 2026 1161 2078 Pondcrr's
1175 2028 1246 2078 casti.
1255 2025 1327 2078 lctus
1339 2039 1437 2074 summa

373 2137 413 2149 --
422 2107 529 2159 Homer.
539 2105 636 2177 Odyes.
643 2108 702 2159 111:
718 2145 725 2160 .
735 2147 741 2160 .
751 2108 821 2172 ,βοῦν
831 2101 882 2162 ἦνιν
927 2107 953 2159 ri
966 2105 1090 2159 inflictus.

374 2188 558 2257 εὐρυμέτωπον,
571 2178 707 2256 dignitus,
717 2189 745 2244 ἣν
758 2187 825 2238 οὔπω
835 2187 883 2238 luri
970 2192 1036 2250 πάι.
1046 2187 1077 2237 In
1091 2187 1142 2254 ipsu
1158 2183 1272 2237 Concidit
1283 2201 1358 2252 gyro.
1370 2184 1439 2234 Dum

375 2268 443 2336 ζυγὸν
452 2267 544 2336 ἤγαγιν
555 2267 626 2336 ἀνὴρ,
637 2267 686 2322 Tris
700 2287 737 2320 τοι
748 2267 796 2336 lybs
809 2265 881 2336 ῥέξω,
928 2277 1074 2327 exercetur,
1093 2277 1190 2335 atque,
1207 2265 1246 2317 uti
1268 2281 1329 2316 mos
1349 2275 1400 2326 cst,
1413 2262 1439 2312 in

373 2347 459 2415 χρυσὸν
469 2347 567 2416 κέρασιν
577 2347 714 2415 περιχεύας.
725 2345 833 2409 Cicero,
849 2343 883 2398 dc
927 2363 1025 2416 gyrum
1041 2344 1135 2415 agitur.
1148 2344 1248 2398 Lucan.
1264 2342 1314 2394 lib.
1325 2343 1385 2404 vt,
1404 2359 1440 2392 rs.

373 2425 490 2478 Divinat.
504 2450 515 2471 ·
526 2424 662 2494 Aurigeris
672 2422 765 2476 divum
778 2423 884 2494 placau-
929 2428 965 2488 84
980 2443 1040 2496 sqq.
1056 2423 1191 2493 -Belliger
1206 2422 1320 2476 attonsis
1335 2422 1441 2492 sonipes

375 2516 414 2556 tes
426 2503 535 2556 numina
549 2504 660 2556 tauris·
671 2504 885 2573 Virg.AEn.X1,
928 2503 1043 2558 defessus
1062 2503 1090 2556 in
1110 2505 1180 2556 srvis
1202 2501 1339 2576 Advectos
1360 2517 1442 2572 quum

375 2585 428 2651 627
440 2601 446 2634 :
464 2608 475 2629 ι
486 2583 520 2634 Et
530 2593 640 2634 statuam
651 2595 712 2636 ante
724 2601 782 2637 ανον
795 2595 883 2636 aurate
927 2584 1003 2653 plena
1014 2583 1101 2636 lerant
1111 2583 1237 2653 praescpie
1249 2582 1373 2642 culmos,
1390 2579 1443 2630 Ore

375 2662 463 2714 lronte
472 2663 624 2732 juvencum.
639 2688 650 2709 ι
749 2711 750 2716 ,
927 2681 1010 2717 noves
1028 2681 1136 2733 pascens
1151 2659 1330 2715 moribundus
1346 2660 1443 2713 labitur

416 2739 481 2794 138.
495 2741 583 2794 Paruit
595 2742 637 2794 sub
653 2746 710 2794 ictu.
727 2741 884 2795 pronuntiat
927 2741 1033 2808 herbas,
1044 2743 1078 2795 Et
1089 2741 1203 2796 tremulo
1214 2739 1319 2794 medios
1333 2741 1446 2794 ebrum·

375 2817 528 2873 Gronovius
549 2821 600 2874 hoc
623 2823 658 2876 ite
681 2820 883 2892 intelligendum
928 2821 968 2892 pit
981 2822 1082 2893 poplite
1096 2839 1185 2894 gyros.
1199 2847 1211 2868 ι

373 2901 475 2972 quaeis
491 2901 579 2954 frome
595 2900 736 2954 adderetur
751 2901 881 2972 particule
970 2901 1035 2966 143.
1046 2901 1135 2954 Prono.
1144 2901 1289 2954 Dominum
1299 2919 1336 2952 ex
1348 2899 1450 2969 impro-

373 2984 409 3046 si,
421 2993 447 3033 et
458 2981 567 3034 iuferius
579 3001 626 3034 uon
638 3001 718 3046 cruor,-
726 2999 780 3034 nou
795 2994 883 3035 tutem
926 2982 983 3034 viso
998 2981 1118 3034 destituit
1129 2993 1154 3033 et
1168 2979 1281 3044 excutit,
1294 2979 1367 3032 dum
1377 2977 1448 3032 cedit

375 3080 417 3113 nec
430 3079 501 3112 cruor
519 3063 698 3115 scriberetur:
712 3059 837 3114 videlicet
853 3073 884 3112 ut
928 3061 984 3133 ipse
994 3079 1095 3132 pronus
1105 3059 1133 3112 in
1145 3078 1258 3112 armum.

374 3140 445 3192 bunc
465 3158 570 3194 versum
592 3139 625 3194 sd
650 3141 738 3194 locum
757 3139 882 3210 Virgilii,
971 3149 1035 3205 144.
1056 3141 1167 3193 Prodidit
1181 3159 1255 3191 armo.
1270 3138 1333 3190 lloc
1354 3139 1447 3190 itera·

375 3207 762 3284 not.135,cit.uccornmodet:
775 3220 851 3272 uAut
861 3219 882 3272 si
926 3221 1005 3274 riavit
1018 3219 1099 3273 Silius
1113 3219 1195 3273 Italic.
1210 3219 1251 3284 X,
1264 3218 1324 3272 2⁵5
1341 3239 1348 3268 ε
1364 3240 1375 3260 ·
1386 3218 1452 3270 cer·

373 3317 453 3370 quam
468 3298 540 3351 ferro
551 3311 709 3351 mactaverat
722 3311 783 3351 ante
800 3317 883 3351 secer·
926 3320 995 3354 nuuc
1014 3300 1113 3354 inflexo
1129 3300 1237 3369 sonipes
1252 3297 1397 3352 effuderat
1410 3316 1453 3349 ar·

373 3376 431 3430 dos.
450 3404 461 3423 ·
489 3379 736 3448 Interpretnticnern
773 3377 883 3431 minime
927 3400 1001 3434 mo.»
1020 3383 1126 3433 Brun.

373 3457 533 3528 probamus,
548 3475 607 3527 qum
620 3458 654 3511 ita
669 3457 742 3511 addit
758 3470 884 3510 etmutst
970 3461 1034 3524 145.
1064 3459 1192 3512 lucebant.
1210 3458 1307 3511 lacent
1333 3468 1454 3511 mortue

373 3537 453 3590 rerba
467 3537 579 3607 vulgetis
598 3551 624 3590 et
637 3538 744 3590 sincera
765 3537 882 3591 lectioni.
926 3553 970 3594 eut
985 3537 1159 3593 moribunde.

372 3616 463 3687 Longe
473 3617 551 3670 aliam
568 3634 717 3687 sequemur,
729 3635 787 3689 qum
805 3617 883 3669 nobis
969 3621 1034 3685 145.
1051 3617 1148 3688 Deficit.
1162 3617 1299 3686 Languet,
1313 3617 1395 3669 malo
1417 3628 1458 3668 ta·

373 3695 440 3749 adeo
454 3695 574 3766 expedita
593 3710 619 3750 et
632 3697 659 3749 in
678 3708 806 3769 promptu
825 3713 880 3748 esse
927 3697 1383 3760 ctus.Lucret.lib.V1,vs.1250
1396 3715 1458 3767 sqq.

375 3773 490 3840 videtur,
503 3789 533 3829 ut
547 3793 608 3829 saue
621 3777 748 3830 miremur
759 3795 816 3829 eam
830 3776 884 3846 pri·
927 3803 938 3822 ι
948 3779 1073 3832 Praetereo
1088 3780 1143 3850 jem
1157 3789 1256 3846 pastor,
1267 3788 1299 3828 et
1315 3789 1460 3828 armenta-

373 3855 424 3908 mis
435 3856 618 3925 omnium,qui
628 3855 752 3909 Senecam
763 3867 884 3908 attrecta·
926 3859 981 3912 rius
993 3859 1088 3922 omnir,
1099 3859 1133 3910 Et
1145 3859 1267 3910 robustus
1286 3855 1364 3908 item
1381 3856 1463 3909 curvi

373 3953 445 3999 vere,
456 3935 533 3987 nobis
549 3936 575 3986 in
586 3948 700 3989 mentem
712 3936 821 3988 venisse.
831 3935 883 3988 La·
927 3937 1079 3992 moderator
1092 3938 1172 3990 aratri
1187 3937 1395 4008 Longuebant,
1412 3955 1462 4004 pe·

375 4015 448 4068 bitur
459 4015 736 4086 taurus,seguis,non
747 4027 883 4067 mortuus:
929 4017 1053 4088 nilusque
1079 4017 1144 4070 cesis
1168 4028 1294 4070 contrusa
1325 4016 1465 4087 jacebant

374 4095 548 4148 nihilomiuus
561 4095 641 4165 igitur
662 4095 688 4148 in
708 4095 817 4165 jacentis
828 4112 885 4146 cer·
929 4098 1065 4168 Corpore,
1076 4109 1230 4168 paupertate
1241 4107 1267 4149 ct
1278 4098 1397 4150 morbo
1417 4096 1466 4149 dc·

375 4173 459 4226 ricem
481 4173 604 4247 dejicitur
626 4177 737 4239 securis,
759 4187 786 4229 et
802 4173 886 4228 unies
929 4177 985 4232 dita
1006 4178 1093 4230 morti.
1108 4202 1119 4224 ι
