3116 5172
394 549 752 622 AGAMEMNON.
776 554 886 622 Act.
916 557 956 624 V.
1138 556 1207 655 5'29

140 811 596 893 CLYTAEMNESTRA,
631 809 896 898 ELECTRA,
922 811 1209 905 AEGISTHUS,

209 967 212 974 ,
523 933 837 1004 CASSANDRA.

192 1175 295 1224 cnut.
318 1148 433 1218 Hostis
451 1148 617 1244 parentis,
640 1147 783 1242 impium
801 1164 901 1243 atque
919 1151 1026 1221 audax
1044 1169 1163 1249 caput,

190 1269 271 1356 Quo
290 1289 384 1332 more
404 1277 509 1331 coetus
527 1261 680 1356 publicos
697 1263 792 1357 virgo
812 1263 920 1357 petis?

193 1401 248 1446 an.
269 1373 507 1446 Adulterorum
530 1372 625 1466 virgo
645 1370 774 1439 deserui
794 1372 941 1443 domum.
1169 1405 1212 1456 ,55

192 1508 293 1556 curn.
312 1484 399 1574 Quis
415 1505 485 1550 esse
503 1479 618 1548 credat
635 1479 822 1576 virginem?
840 1507 891 1550 nn.
908 1483 1030 1552 Natam
1049 1491 1161 1560 tuum.

195 1619 295 1666 corr.
313 1592 499 1664 Modestius
519 1616 595 1658 eum
613 1604 727 1660 matre.
749 1615 802 1660 nr..
818 1593 981 1661 Pietatem
1002 1592 1114 1668 doces!

194 1728 293 1775 curu.
314 1702 453 1770 Animos
472 1699 583 1768 viriles
603 1699 703 1769 corde
725 1701 905 1770 tumefacto
928 1703 1031 1798 geris3

194 1817 258 1886 Sed
280 1840 378 1912 agere
398 1814 524 1883 domita
543 1813 701 1882 seminam
720 1813 826 1884 disces
844 1814 942 1885 malo.

195 1952 248 1998 nn.
269 1926 344 1999 Nisi
362 1923 449 1993 sorte
467 1921 583 2012 fallor,
599 1923 738 1993 feminus
753 1925 879 1994 ferrum
901 1923 1004 1996 decet.
1170 1955 1216 2006 φη

187 2123 244 2172 Act.
252 2119 289 2184 V,
304 2135 342 2170 ec.
354 2135 400 2170 ιιι.
419 2117 549 2170 Electram
567 2117 602 2170 ab
614 2133 658 2169 ara
702 2127 755 2170 tam
767 2137 774 2168 r
786 2116 854 2171 aient
862 2129 933 2172 recte
945 2116 1047 2172 editum
1059 2121 1212 2175 eatanobia.

145 2194 288 2263 detrabi,et
297 2196 325 2250 in
334 2214 466 2250 carcerem
477 2195 573 2267 conjici
580 2197 660 2266 jubet
702 2197 787 2264 Porrp
803 2209 877 2268 gestu
896 2197 948 2250 hnc
961 2211 1000 2252 eat
1013 2196 1210 2269 adjuvandum:

147 2279 354 2350 clytemnestra.
365 2274 658 2347 Caesondrnjugulatur.
702 2287 732 2328 ut
745 2275 841 2329 efficiat
851 2277 974 2348 oblique,
988 2275 1016 2330 id
1028 2277 1101 2348 quod
1112 2279 1212 2350 Clytae-
1242 2263 1247 2280 ⁸

189 2357 256 2428 953.
281 2357 368 2408 Hortis
394 2359 517 2427 porentia,
549 2355 658 2410 inimica
702 2365 817 2428 mne'strn
839 2357 940 2426 optime
965 2357 1133 2428 intelligebat.
1170 2359 1213 2427 Si,

147 2439 217 2502 mei,
229 2437 321 2490 matria
334 2448 395 2490 tun.
702 2434 788 2505 inquit
798 2435 918 2502 Electra,
929 2453 1022 2490 verum
1038 2449 1080 2491 eat
1092 2437 1167 2508 quod
1183 2453 1212 2494 tu

189 2517 255 2586 954.
266 2516 355 2570 Cotus.
367 2513 483 2586 Respicit
494 2512 530 2566 ad
543 2526 657 2567 veterem
702 2514 729 2566 in
746 2531 789 2566 me
805 2533 925 2580 amurca,
945 2515 1081 2587 impudice
1098 2537 1140 2571 nro
1153 2531 1213 2572 ceta·

145 2596 302 2650 Graecorum
317 2613 433 2658 morem,
447 2612 560 2664 quorum
577 2593 658 2664 virgi·
701 2605 753 2646 tem
767 2612 845 2666 agere
859 2611 865 2646 :
879 2613 941 2650 ecce
953 2614 996 2648 nre
1009 2609 1114 2668 gnatam
1129 2610 1213 2654 tuam.

145 2694 195 2728 naa
214 2695 275 2729 roro
295 2675 323 2727 in
344 2674 482 2745 publicum
503 2671 657 2745 prodibant.
701 2673 784 2738 Quasi
805 2671 935 2728 diceret:
966 2675 1098 2728 Ponamue
1120 2695 1213 2732 verum

190 2754 257 2823 9⁵5.
277 2754 450 2808 Adulterarum
467 2753 572 2815 domum,
588 2754 658 2806 reili-
700 2771 774 2806 eoae:
789 2766 937 2807 maternum
955 2755 1009 2808 hoo
1025 2756 1119 2810 lrnbeo.
1128 2757 1212 2822 Quod

146 2847 190 2888 cet
204 2835 244 2887 tui
259 2847 284 2888 et
296 2833 417 2904 AEgiathi.
699 2829 773 2903 apud
784 2832 961 2902 Sophoclem,
976 2851 1014 2886 ve.
1030 2837 1103 2896 διο,
1119 2835 1211 2890 endem

189 2914 255 2984 956.
273 2915 335 2982 Quis
354 2932 403 2964 esse
420 2911 503 2962 credat
518 2913 658 2979 uirginem?
701 2911 728 2962 in
739 2911 895 2980 cognomine
906 2911 1009 2964 subula:
1022 2913 1104 2984 Εἰγὰρ
1113 2917 1211 2984 utpute

147 2994 216 3059 Quae
230 2993 291 3046 talia
305 2992 428 3063 loquaris.
437 3021 476 3034 -
488 2990 531 3042 Ait
543 2991 658 3053 Electra,
702 2985 781 3041 τῦνδι
797 2997 844 3043 τῶν
855 2992 929 3061 ἔργων
940 2987 1017 3061 ldprr,
1027 2989 1120 3059 Σχιδᾶν
1129 3013 1154 3047 τι
1167 2995 1209 3052 riv

147 3085 218 3128 recte
235 3072 375 3142 euepioaria
391 3069 524 3123 nemiuem
541 3067 657 3122 creditu·
701 3071 746 3128 σὴν
763 3071 788 3121 od
805 3073 962 3136 καταισχύνω
978 3071 1056 3140 φύσιν.
1077 3072 1174 3127 lintre.

148 3171 209 3208 rum
228 3169 273 3204 me
293 3169 348 3203 eaae
364 3149 510 3220 virginem,
527 3168 580 3201 non
597 3149 658 3219 quia
742 3149 805 3218 957.
820 3148 954 3200 Modestius
971 3169 1022 3201 cum
1042 3163 1125 3204 matre.
1141 3153 1212 3224 Sup-

148 3244 233 3286 coetna
245 3230 366 3301 publicos
378 3241 455 3299 peto,
466 3226 512 3281 aed
528 3227 590 3300 quia
605 3227 658 3281 filia
700 3227 754 3300 ple,
763 3229 1046 3300 loquoria.—Pietatem
1058 3231 1135 3284 doces.
1144 3233 1210 3285 Sen-

148 3323 194 3365 tua
209 3327 269 3365 aum
284 3328 290 3361 ε
312 3323 338 3362 te
351 3309 440 3362 sciunt
452 3325 543 3360 omnes
555 3305 658 3378 pudici·
701 3327 745 3360 ane
759 3321 815 3374 eat,
828 3308 972 3378 interprete
987 3310 1081 3380 Voeaio
1098 3310 1132 3364 ad
1145 3311 1213 3365 vet-

148 3392 214 3445 tiem
237 3402 311 3442 tuam
334 3388 455 3458 AEgiatho
477 3389 657 3458 prostituisse:
701 3388 830 3453 leii1,1,
846 3389 872 3442 ³.
885 3388 963 3441 Tune
978 3407 1020 3441 ine
1034 3390 1157 3458 pietatem
1174 3391 1214 3444 ria

150 3488 194 3524 tne
216 3469 419 3540 auspicabantur
440 3467 531 3519 matria
552 3467 659 3536 vestigia
701 3465 814 3532 docere,
837 3485 919 3540 quum
946 3466 1077 3521 adulterio
1099 3470 1211 3542 parrici-

149 3561 281 3612 aec'utam,
294 3545 393 3619 pudori
413 3564 472 3598 men
486 3563 543 3598 uon
558 3559 660 3616 tempe·
702 3545 801 3616 dicque
822 3557 850 3599 te
872 3548 978 3619 pietatis
999 3563 1134 3620 expertem
1158 3569 1213 3604 esse

149 3647 236 3693 rasae,
247 3638 274 3680 et
287 3628 390 3679 merito.
406 3627 472 3679 Sunt
485 3627 554 3677 enirn
567 3643 661 3697 paren·
703 3625 870 3680 ostenderis?

148 3709 222 3762 tibus
242 3707 289 3758 lilii
311 3707 469 3777 plerumque
484 3706 595 3770 similes,
617 3723 661 3758 au·
743 3709 809 3776 959.
835 3705 917 3776 Agere
926 3708 1057 3774 firminum,
1076 3727 1167 3780 gerere
1188 3709 1228 3762 te*

151 3801 226 3842 ctore
243 3787 350 3839 Aristot.
365 3786 441 3838 Polit.
455 3783 501 3836 lib.
512 3785 551 3836 lll
563 3823 569 3848 ,
591 3801 613 3837 c.
629 3787 661 3848 8,
703 3785 827 3838 feminam
837 3824 845 3847 ,
854 3786 872 3840 i.
885 3806 908 3839 e.
918 3787 1070 3841 modestius.
1081 3821 1121 3830 -
1132 3789 1212 3853 Μαῖα,

150 3879 177 3921 et
191 3867 297 3918 libetur.
312 3863 344 3920 ad
355 3862 545 3926 Theodectem,
555 3863 601 3915 lib.
611 3864 662 3927 111',
704 3865 836 3936 supplicio
850 3877 876 3916 et
888 3867 1016 3920 cruciatu.

151 3959 178 3998 et
197 3945 257 3997 tiliae
277 3959 391 3997 matrum
408 3962 496 3996 mores
514 3943 662 3996 imitantur.
746 3949 809 4013 960.
827 3943 937 3998 Ferrum.
961 3947 1085 3998 intentor
1103 3944 1143 3997 illi
1168 3965 1214 3999 ex·
1298 3935 1300 3938 ¹

151 4026 239 4078 Dana.
256 4053 293 4066 -·
310 4024 402 4078 Natam
417 4036 491 4077 tuam.
505 4024 590 4076 immo
602 4041 663 4093 quin
705 4024 818 4095 probrat
840 4025 982 4096 bipennem
1008 4042 1061 4095 qua
1086 4024 1219 4079 occideret

151 4117 198 4157 tna
213 4104 262 4156 eim
283 4102 353 4169 lilio,
375 4102 493 4156 mulieris
510 4102 662 4174 impudicae.
706 4101 1219 4174 Agamemnonem:velindicatlerrum,

151 4183 239 4238 Fenn.
255 4213 291 4224 --
300 4183 380 4236 Tolle
393 4183 606 4254 interrogationis
614 4201 663 4237 no·
706 4180 779 4254 quod
791 4201 863 4239 nunc
875 4183 942 4254 gerit
955 4183 1169 4255 Clytamneetra.

229 4275 278 4340 ΙΙ.
384 4341 385 4346 ,
1080 4270 1126 4356 34
