3042 5156
371 475 440 550 236
745 479 800 548 ΙΝ
826 479 1055 550 OEDIPUM

367 629 456 683 neque
469 608 547 665 valde
559 607 694 664 deruneur.
707 609 797 665 Gnur.
808 643 848 654 -
860 611 917 666 MS.
930 613 1019 677 8033,
1034 621 1102 664 natat
1120 628 1168 680 pro
1176 609 1246 680 fluit.
1262 639 1301 652 -
1316 608 1414 663 Gelidus.

365 689 488 744 Heinsius
503 690 607 744 volebat
626 716 637 737 ι
649 688 750 760 gelidos
770 704 850 745 artus.
867 717 891 743 ι.
906 722 944 736 -
958 691 1082 755 Gemitus,
1091 702 1115 742 et
1129 689 1204 742 altum
1218 709 1329 751 mumur,
1345 689 1412 742 Both.

365 769 408 823 sic
424 771 511 842 vulgo.
525 769 615 823 Arena
625 769 682 824 siue
695 771 781 836 onice,
800 769 874 842 quod
894 771 940 824 ille
961 771 1005 824 sit.
1019 771 1107 842 Lege,
1119 772 1221 840 gemitus
1236 781 1260 820 ss
1275 767 1346 820 altum
1358 789 1413 821 mur-

367 868 433 914 mur,
451 849 480 902 id
493 862 551 903 est:
568 868 690 902 murmur
704 851 816 922 gemitus
832 852 913 904 nitunt
937 865 991 918 est,
1007 851 1088 904 verbo
1101 849 1264 903 substantivo
1280 849 1414 919 repetitos

369 928 555 1002 superioribus.

408 1013 475 1078 9²⁶·
485 1009 555 1080 Quid
559 1029 642 1080 poros
653 1030 732 1064 moror
741 1011 813 1071 (ait).
822 1011 943 1084 Mallem,
954 1011 975 1064 si
986 1010 1093 1085 quidem
1106 1010 1175 1063 nllus
1187 1005 1415 1073 addiceremus,

366 1107 448 1161 perse
462 1089 620 1154 mutatione,
635 1113 646 1134 ι
658 1109 745 1144 secum
761 1091 818 1162 ipse
831 1109 913 1145 snvns
924 1130 932 1156 ‚
943 1089 1042 1164 grende
1055 1091 1145 1144 neseio
1155 1086 1220 1160 quid
1232 1105 1342 1158 perans,
1351 1087 1417 1140 Suis·

366 1187 419 1240 qne
434 1168 495 1222 istis
503 1168 603 1234 similes
616 1169 681 1240 quid
695 1189 785 1242 psenss
798 1171 907 1224 moror?
924 1187 954 1224 ut
965 1172 1016 1226 hoe
1032 1171 1168 1224 scelestum
1183 1181 1273 1240 pectus
1296 1179 1340 1219 nnt
1351 1166 1415 1220 ferro

366 1249 448 1318 petnti
457 1251 518 1310 Aut.
526 1261 575 1303 etc.
582 1274 593 1296 ι
603 1249 645 1303 Sic
652 1261 707 1304 tots
716 1249 904 1322 upoeusrosrosie
911 1251 944 1304 sb
951 1250 1051 1304 leniore
1058 1249 1190 1322 principio
1195 1247 1263 1310 fluis,
1269 1247 1364 1316 ubsque
1370 1245 1417 1298 iul·

365 1325 481 1382 cimento
493 1329 575 1393 istoc,
586 1333 639 1392 nit,-
649 1329 722 1402 quod
737 1331 825 1384 nescio
839 1329 977 1404 quomodo
993 1331 1073 1403 frigit.
1088 1326 1191 1384 Deinde
1202 1329 1229 1380 si
1240 1339 1266 1378 ut
1279 1326 1418 1396 imprecan-

365 1407 400 1462 tis
409 1409 459 1461 erit
470 1407 519 1461 sihi
533 1421 649 1462 extreme
661 1429 772 1482 qunque
788 1411 902 1482 OEdipi.
919 1408 1000 1481 Quod
1015 1411 1100 1482 ipsum
1114 1409 1247 1462 cothurno
1261 1417 1350 1476 sptum
1366 1423 1416 1456 rne-

364 1486 404 1556 gis
422 1501 448 1542 et
466 1505 584 1560 personis
598 1487 770 1560 desperentis.
791 1490 853 1556 Quo
872 1509 948 1544 sensu
962 1491 1070 1544 Terent.
1085 1491 1154 1542 Eum
1167 1488 1208 1551 11,
1224 1486 1258 1550 3,
1275 1484 1347 1538 302:
1364 1485 1418 1537 «Ut

367 1565 442 1620 ilium
455 1565 494 1621 dii
508 1565 616 1640 deisque
627 1570 730 1622 senium
743 1569 865 1640 perdunt.
878 1597 889 1618 ·
909 1569 1026 1624 Sennon.

362 1665 472 1778 uisi]
483 1647 603 1782 “22⁰3ss
614 1643 1418 1799 :titini-⁰·§iiiiisii‘titfit”iffi

464 1765 472 1792 s
491 1751 503 1775 ⁸
825 1769 832 1783 ·
1260 1763 1268 1786 ¹

361 1805 457 1878 relsts3
469 1817 495 1858 et
505 1807 619 1860 otiosum
634 1823 674 1863 est
690 1811 716 1862 ri
731 1821 766 1861 ut.

402 1887 469 1955 931.
487 1887 545 1938 Tuis
556 1891 635 1940 emitte
644 1889 719 1942 silvis.
737 1890 769 1941 ln
784 1887 942 1942 Florentino
955 1899 1079 1960 corrupte
1090 1885 1199 1957 legitur,
1218 1897 1279 1936 tuns.
1296 1883 1339 1936 sic
1353 1895 1378 1936 et
1393 1883 1418 1936 in

363 1964 450 2034 6377,
460 1965 545 2030 8034,

402 2045 469 2112 936.
482 2045 578 2100 Breues.
588 2046 712 2100 Heinsius
723 2045 836 2098 melebst
846 2071 858 2093 ι
868 2047 939 2098 leves
950 2064 1019 2116 poen.
1033 2071 1044 2094 ι
1058 2047 1092 2097 As
1102 2044 1162 2118 quis
1174 2062 1228 2097 nou
1240 2039 1328 2106 ridet,
1336 2043 1419 2112 sptins

362 2136 454 2177 oontrs
470 2133 563 2196 magieis
576 2127 677 2198 opponi
691 2127 783 2191 bratus,
798 2125 826 2178 id
836 2139 888 2191 est,
899 2143 1002 2197 persas.

403 2211 468 2272 940.
480 2206 531 2274 Qui
541 2205 627 2258 deiude
644 2210 725 2259 marri.
741 2205 799 2260 MS.
811 2207 897 2276 6377,
916 2231 928 2252 ι
938 2203 1003 2276 quid
1014 2203 1122 2258 demum
1135 2215 1220 2258 mnt-
1236 2199 1337 2254 Bsden·
1349 2227 1361 2248 s
1375 2201 1420 2271 qui

363 2279 459 2337 deinde
471 2296 548 2338 snat.-
561 2287 664 2358 Lspm,
674 2298 704 2338 nt
713 2297 891 2346 autumemus,
904 2285 1165 2356 typogrsphicorom.

403 2368 470 2430 942.
491 2362 609 2418 Soluendo
627 2385 675 2416 nors
694 2385 728 2418 ss.
744 2365 801 2417 MS.
818 2365 906 2436 6377,
922 2365 1011 2428 8034,
1032 2365 1114 2428 8055,
1130 2375 1157 2416 et
1175 2361 1253 2416 nimis
1269 2359 1347 2412 uruiti
1361 2357 1420 2410 iibri

361 2441 506 2496 ssolvends
522 2462 576 2496 nou
589 2457 628 2497 est
641 2444 695 2497 ills.
709 2470 720 2492 ι
735 2445 815 2496 Futuu
834 2445 930 2506 verbs,
946 2443 983 2496 sit
994 2443 1153 2498 Gronovius.
1169 2445 1204 2496 At
1220 2457 1333 2512 agnosce
1351 2437 1425 2509 inge-

360 2520 436 2573 nium
449 2522 557 2575 msximi
571 2523 658 2576 Grotii
678 2524 706 2577 in
724 2524 902 2594 pulcherrime
921 2522 1122 2577 emendatione:
1140 2551 1151 2572 ι
1166 2519 1293 2576 solvendo
1310 2537 1364 2572 non
1385 2535 1424 2569 es.

360 2599 407 2653 Ille
419 2618 476 2672 quse
490 2601 559 2672 leges
570 2615 638 2656 rsus
649 2603 757 2668 Nature,
768 2615 834 2656 etr„-
850 2600 882 2654 Id
894 2616 934 2658 est
945 2640 952 2663 ‚
965 2621 1019 2656 non
1030 2615 1104 2675 potes
1113 2604 1214 2656 solvere
1223 2617 1327 2671 onnes,
1339 2615 1429 2668 quun-

360 2691 398 2732 tns
414 2677 503 2733 debes.
514 2708 526 2728 ·
552 2677 597 2742 (Et
615 2680 676 2736 vide
689 2701 747 2754 qun
761 2681 788 2736 in
800 2681 870 2735 notis
883 2684 993 2754 hujusce
1005 2683 1144 2736 locutionis
1157 2679 1277 2750 exempla
1289 2674 1430 2729 addideri-

359 2757 446 2824 mus.)
458 2789 493 2802 -
513 2759 550 2814 At
569 2760 747 2828 Schrodetus,
759 2780 864 2816 servans
877 2763 1026 2834 vulgatum,
1038 2762 1190 2834 sublstoque
1206 2758 1377 2813 distinctione
1387 2755 1431 2806 ie·

358 2838 413 2911 git:
435 2866 446 2888 ι
456 2839 581 2894 solvenda
591 2860 645 2894 non
657 2855 695 2895 est
709 2842 768 2904 ills,
779 2859 838 2912 quse
847 2841 916 2914 leges
933 2855 1000 2895 rntus
1017 2841 1117 2895 Natum
1132 2842 1160 2894 in
1177 2859 1230 2892 uno
1243 2837 1325 2892 vertit
1340 2831 1432 2886 OEdi-

358 2917 460 2990 pode-
484 2921 518 2976 Et
534 2921 572 2975 sic
587 2921 720 2993 explicet:
734 2923 806 2976 «hoc
824 2923 879 2976 vult
897 2919 1022 2993 OEdipus
1041 2933 1160 2974 naturum
1180 2921 1272 2984 istum,
1291 2933 1352 2989 quae
1370 2915 1432 2984 jem

357 2999 427 3070 leges
439 3013 507 3058 retus
516 3001 544 3054 in
558 3020 612 3058 uno
622 3000 730 3074 OEdipo
741 3003 935 3066 tamennon
948 3021 1003 3054 esse
1013 2998 1275 3063 dissolvendsmmec
1287 2994 1435 3048 destruen-

358 3076 434 3144 dm,
455 3077 501 3133 sed
516 3079 675 3134 servendum
696 3099 750 3134 esse
764 3081 864 3153 jugiter
884 3080 1007 3134 institute
1026 3080 1181 3134 mutationis
1199 3079 1274 3131 istius
1293 3088 1435 3127 tenorem.

359 3159 444 3229 Optnt
452 3159 559 3230 itaque,
572 3173 601 3214 ut
616 3173 726 3225 nutum,
740 3174 880 3234 postquem
900 3159 927 3212 in
944 3159 1055 3232 OEdipo
1069 3157 1242 3232 producendo
1253 3167 1367 3217 statum,
1378 3171 1435 3204 or·

356 3235 446 3290 dinem
458 3238 579 3312 legesque
590 3259 650 3294 suns
660 3240 808 3312 migrasset,
820 3259 903 3312 porro
917 3238 1009 3293 endem
1023 3239 1086 3294 velit
1097 3259 1167 3306 esse,
1182 3257 1213 3292 uc
1225 3247 1357 3310 perpetuo
1366 3251 1438 3286 mu·

359 3317 445 3370 tabilis
455 3318 484 3371 in
496 3337 541 3370 sno
557 3319 711 3391 supplicis..

398 3397 467 3467 943.
483 3397 626 3470 orduone.
649 3399 693 3452 Sic
711 3397 808 3471 optimi
826 3409 853 3451 et
871 3393 947 3450 MSS.
969 3409 996 3450 et
1012 3393 1074 3449 edd.
1095 3394 1151 3450 MS.
1168 3397 1255 3464 6379,
1271 3391 1442 3462 OEdspode,

356 3474 410 3530 vid.
427 3489 512 3531 notes.

397 3559 463 3625 946.
476 3557 576 3620 Lirem
586 3561 679 3610 reuusei
692 3577 791 3630 semper.
807 3553 880 3624 Quid
894 3555 916 3608 si
926 3555 1010 3628 legas,
1028 3553 1121 3618 -iicet,
1134 3551 1290 3616 remoueri,
1306 3577 1317 3598 ι
1333 3549 1447 3622 inquit

357 3635 472 3690 Deirius.
487 3637 522 3690 At
533 3635 676 3692 Gruterus:
688 3637 744 3692 uim
758 3649 783 3690 et
797 3655 949 3690 mucronem
964 3635 1099 3688 sententiis
1110 3634 1227 3696 auferes,
1242 3632 1264 3684 si
1277 3629 1449 3683 substitua-

357 3729 401 3770 tur
412 3715 479 3782 hoc‚
489 3717 730 3790 presertimrquum
742 3715 905 3788 processerit
918 3727 1021 3768 novetur.
1035 3713 1175 3768 Fortassis:
1193 3739 1205 3760 ι
1220 3713 1315 3764 iterum
1327 3707 1450 3762 viver-e

357 3809 436 3868 etque
450 3796 545 3849 iterum
557 3795 625 3850 mori
642 3797 723 3862 libet,
736 3815 765 3850 sc
778 3795 887 3849 renosci.
901 3821 912 3844 ι
931 3795 1023 3849 Gnon.

397 3883 464 3946 949.
474 3875 596 3946 Eligatur.
611 3875 669 3930 MS.
683 3879 765 3940 8200,
775 3877 880 3946 els'gitur.

395 3957 461 4024 951.
478 3955 547 4009 Citra
566 3968 670 4028 putrem.
690 3957 785 4009 Manus
802 3955 925 4022 illustris,
946 3956 982 4010 nit
996 3953 1163 4018 Gronovius,
1179 3952 1231 4003 vito
1241 3946 1459 4020 pamsside

354 4047 442 4091 enter.
457 4047 511 4089 not.

304 4123 307 4128 '
396 4107 462 4184 uis.
480 4115 585 4170 subitas.
599 4113 658 4168 MS.
674 4115 758 4180 8260,
769 4113 886 4167 subditus.
901 4145 938 4156 -
952 4113 1008 4177 En,
1022 4111 1090 4166 male
1101 4109 1195 4182 pauci,
1211 4127 1250 4160 sm.
