3042 5156
369 471 438 541 noti
671 467 709 534 L.
734 463 910 536 ANNAEI
935 461 1150 534 SENECAE

563 588 687 662 Omnis
705 601 798 657 certo
818 587 951 657 tramite
972 585 1117 674 radunt,

561 699 760 793 Primusque
777 696 847 766 dies
865 695 959 766 dedit
977 710 1173 766 extremum.

562 814 641 882 Non
658 808 713 879 illa
732 811 807 878 Deo
824 808 961 877 vertisse
976 805 1070 892 licet,

564 923 650 1012 Quae
669 944 754 988 nexa
772 921 840 989 suis
857 933 1000 988 currunt
1020 915 1139 986 causis.

568 1033 601 1098 It
618 1029 739 1124 cuique
755 1045 866 1114 ratus,
886 1051 983 1123 prece
1001 1050 1070 1095 non
1093 1021 1159 1095 ulla

567 1137 725 1228 Mobilis,
745 1139 840 1210 ordo.
864 1137 984 1210 Multis
1003 1138 1112 1232 ipsum

568 1251 730 1320 Metuisse
749 1265 870 1338 noeet;
888 1247 987 1320 multi
1006 1247 1049 1316 ad
1071 1245 1175 1316 latum

569 1364 700 1431 Venere
718 1385 833 1446 suurn,
851 1359 932 1429 dum
950 1357 1018 1427 lata
1036 1357 1156 1426 timent
1157 1403 1240 1424 .....
1510 1439 1511 1450 ¹

571 1473 722 1540 Sonuere
742 1470 849 1556 fores,
870 1484 971 1564 atque
991 1467 1061 1563 ipse
1084 1489 1198 1551 suum,
1406 1481 1439 1532 ⁹⁹⁵
1510 1467 1511 1546 ξ

571 1583 667 1650 Duce
685 1605 754 1649 non
775 1578 861 1666 ullo,
881 1578 1019 1648 molitur
1038 1578 1101 1645 iter
1510 1559 1511 1576 ¹

791 1689 946 1760 Luminis
964 1687 1077 1760 orbus.

531 1930 768 2018 OEDIPUS‚
794 1929 1035 2017 CHORUS‚
1059 1929 1296 1998 JOCASTA.

427 2149 502 2198 ceu.
519 2128 608 2194 Bene
625 2122 744 2210 habet,
759 2135 933 2217 peractum
951 2119 1122 2214 est3justa
1139 2117 1284 2214 persolvi
1301 2119 1399 2214 patri.

426 2239 551 2304 iuvant
569 2232 733 2319 tenebrae;
757 2233 833 2326 quis
847 2233 940 2301 Deus
961 2229 1096 2299 tandem
1114 2229 1198 2298 mihi

426 2440 493 2506 987.
509 2435 598 2488 Omnia
610 2447 674 2488 certo
686 2439 780 2487 tramite
790 2435 894 2488 mur.
939 2433 1029 2489 omniu
1042 2433 1118 2505 lege,
1131 2435 1275 2506 Longeque
1296 2451 1347 2504 per
1366 2445 1444 2486 certus

387 2517 473 2570 Certus
495 2527 534 2568 est
553 2526 641 2576 ratus,
663 2515 705 2567 rel
726 2527 755 2568 ut
777 2514 896 2586 loquitur
940 2515 1078 2586 signentur
1090 2527 1209 2586 tempore
1224 2514 1447 2568 cumunilam·

386 2597 492 2658 Noster,
506 2594 587 2646 Here.
600 2593 667 2647 OEt.
680 2611 718 2646 vs.
735 2596 805 2664 676,
826 2608 896 2648 uste·
941 2594 1136 2657 tesmonium,
1158 2593 1273 2666 finisque
1295 2595 1330 2648 ab
1352 2593 1446 2666 origiue

385 2675 446 2728 bilis
466 2689 596 2729 tremes.»
619 2674 711 2727 Seuee.
734 2671 770 2726 de
787 2673 897 2728 Provid.
941 2671 1071 2746 pendet.·
1091 2673 1196 2728 Similes
1207 2673 1241 2727 de
1251 2673 1307 2726 sato
1319 2674 1392 2728 locos
1400 2673 1451 2726 Ve-

385 2773 443 2827 esp.
457 2773 474 2808 r
490 2774 496 2806 ι
509 2775 520 2797 ·
531 2753 604 2806 Nihil
622 2771 713 2824 cogor,
726 2754 793 2807 nihil
805 2754 896 2824 pstior
942 2767 1029 2807 terum
1043 2754 1160 2825 reperies
1173 2752 1246 2824 spud
1259 2754 1405 2818 Prienam,
1418 2751 1449 2805 sd

386 2836 494 2898 inritus,
506 2851 555 2886 nec
567 2833 655 2887 servio
669 2835 742 2901 Deo,
753 2832 799 2888 sed
812 2851 897 2887 essen·
941 2834 1052 2905 Apuleii
1067 2835 1133 2887 Met.
1147 2835 1204 2899 lx,
1217 2853 1245 2905 p.
1267 2852 1333 2904 177.
1347 2835 1450 2888 Brun.

387 2915 439 2970 tior
460 2933 491 2968 eu
510 2912 620 2985 quidem
634 2913 730 2985 mgis,
746 2911 819 2985 quud
842 2913 896 2966 seio
982 2915 1049 2984 988.
1064 2914 1206 2986 Primusque
1216 2913 1281 2979 diss,
1304 2927 1356 2968 ete.
1368 2915 1453 2967 Horu·

386 2996 475 3050 omnin
489 3007 561 3048 certu
584 2994 654 3048 etin
676 3005 805 3048 eternum
826 2991 896 3046 diets
941 3011 1038 3065 scopus
1055 2994 1234 3065 genethliacus
1254 3013 1286 3048 ex
1297 2993 1353 3048 ritu
1371 3007 1400 3048 et
1412 3010 1455 3046 us·

386 3077 443 3145 lege
457 3075 607 3130 decurrere.
622 3074 686 3127 Feta
708 3093 757 3126 uos
777 3072 897 3138 ducunt,
942 3072 1051 3126 tivitntis
1064 3073 1140 3128 hors.

386 3168 413 3210 et
426 3166 554 3225 quantum
574 3153 671 3224 cuique
693 3164 789 3217 restet,
811 3153 897 3223 prims
984 3155 1052 3222 989.
1066 3153 1135 3218 Deo,
1153 3153 1283 3218 cuilibet,
1306 3153 1350 3206 vel
1365 3153 1456 3224 petius

386 3233 550 3288 uescentium
573 3231 640 3285 hore
658 3229 796 3302 disposuit.
813 3233 898 3286 Ceusu
941 3233 1082 3304 Jovi‚qui
1096 3233 1153 3287 Fati
1165 3251 1212 3286 seu
1223 3233 1396 3287 Necessitatis
1405 3235 1460 3286 ine·

385 3311 484 3388 pendet
494 3331 524 3365 ex
534 3329 625 3376 eausa,
637 3311 740 3381 private
750 3329 781 3364 ee
792 3311 898 3382 publiea
926 3313 1062 3367 .luctabili
1079 3313 1136 3383 lege
1152 3313 1209 3383 ipse
1221 3326 1335 3366 tenetur.

385 3395 480 3464 longus
490 3389 558 3444 ordo
567 3409 657 3444 rerum
669 3391 756 3445 trehit.
765 3389 831 3444 Ideo
843 3391 898 3444 for·
984 3411 1048 3462 99⁰·
1059 3391 1133 3458 Suis,
1143 3411 1198 3446 nun
1209 3411 1241 3445 ex
1255 3391 1345 3446 alieno
1358 3393 1464 3447 scilieet

387 3475 448 3528 titer
459 3490 539 3525 omne
550 3468 690 3524 serendum
701 3484 739 3524 est
747 3490 754 3524 ε
763 3471 824 3543 quis
834 3490 899 3536 nun,
942 3471 1121 3544 pendentibus
1138 3472 1257 3526 erbitriu.

388 3566 418 3607 ut
432 3564 573 3623 putemus,
590 3548 713 3603 incidunt
726 3563 837 3617 cuneta,
852 3550 899 3605 sed
983 3571 1051 3623 99²·
1066 3553 1147 3622 iprum
1161 3555 1278 3605 metuisse.
1292 3551 1386 3606 Metus
1396 3553 1465 3625 ipse.

387 3632 507 3686 veniunt.
538 3630 611 3683 Olim
638 3631 812 3685 constitutum
844 3642 899 3696 est,
985 3629 1286 3704 995.Ipse,OEdipus.

388 3710 453 3784 quid
466 3707 594 3782 gaudeas,
604 3709 670 3782 quid
681 3710 757 3764 flers:
769 3722 795 3764 et
807 3729 899 3782 quarn·
923 3751 926 3762 .
984 3713 1043 3765 Aet.
1056 3713 1091 3773 V,
1103 3731 1139 3766 se.
1151 3729 1198 3766 ιιι.
1213 3713 1317 3766 Joesste
1331 3729 1364 3764 ee
1379 3712 1471 3766 inter·

387 3793 427 3846 vis
440 3809 535 3862 magur
556 3789 678 3843 videatur
702 3791 825 3843 verietate
844 3791 900 3843 sin·
945 3791 1011 3846 licit.
1031 3790 1159 3863 oedipus
1178 3804 1321 3846 exuuntur
1338 3791 1373 3844 in
1393 3792 1471 3846 exsi-

388 3873 512 3944 gulorum
529 3869 584 3922 vite
599 3867 743 3940 distingui,
758 3888 861 3922 summu
873 3870 901 3924 iu
944 3872 1011 3925 lium
1026 3871 1091 3925 ubit.

388 3970 472 4008 unum
496 3950 590 4004 venit:
606 3950 757 4021 decepimus
780 3950 900 4020 periture
987 3969 1054 4021 999.
1069 3950 1162 4004 levant
1184 3951 1294 4003 tenebra.
1317 3951 1398 4004 Amo
1425 3951 1477 4006 hes

386 4030 507 4104 perituri.
521 4056 533 4077 ·
552 4029 689 4094 Manilius,
699 4028 750 4094 IV,
760 4047 797 4080 vr.
813 4035 847 4093 rt
859 4048 900 4100 sq.
945 4031 1217 4096 tenebras-Mili,
1230 4033 1311 4102 junge
1324 4049 1401 4086 erem
1414 4052 1478 4103 per»

387 4138 400 4162 ι
413 4111 475 4167 Fet·
489 4123 589 4184 regunt
609 4109 721 4176 orbem
745 4120 817 4163 eerts
830 4121 900 4163 snut
939 4111 1042 4180 suedie,
1057 4111 1086 4164 iu
1099 4131 1137 4166 vs.
1149 4109 1280 4182 sequenti.
