3042 5156
387 541 459 624 ²⁰4
677 538 718 606 L.
744 535 924 606 ANNAEI
950 537 1164 606 SENECAE

432 664 614 731 «Incurret
630 656 722 728 ales?
742 659 818 752 Ipse
838 672 874 727 tu
893 657 1056 728 scelerum
1076 683 1196 752 capax,

434 773 564 841 «Sacer
581 767 773 850 Cithaeron,
793 767 842 837 vel
862 767 948 838 ieras
969 769 1004 835 in
1025 793 1080 837 me
1098 769 1163 838 tuis

431 880 585 950 «Emitte
603 877 710 964 silvis,
728 878 825 947 mitto
846 877 898 946 vel
918 878 1053 948 rabidos
1071 903 1188 965 oaues;

433 991 562 1062 «Nunc
577 987 678 1058 redde
697 991 844 1082 Agaven.
869 973 1009 1074 Anime,
1026 989 1110 1083 quid
1130 1003 1273 1059 mortem
1294 987 1412 1057 times?

433 1103 554 1170 «Mors
572 1099 785 1168 innocentem
807 1096 875 1166 sola
896 1097 1040 1167 fortunae
1059 1099 1203 1192 eripit.»

433 1215 513 1282 Haec
531 1209 637 1299 satus,
659 1223 753 1303 aptat
775 1208 912 1302 impiam
934 1206 1055 1302 capulo
1073 1233 1230 1296 manum,
1416 1227 1446 1276 ⁹³⁵

433 1324 623 1414 Ensemqne
644 1317 748 1387 ducit.
764 1321 890 1386 «Itane
910 1332 978 1387 tam
999 1318 1129 1413 magnis
1148 1318 1263 1387 breves

432 1435 581 1502 «Poenns
599 1427 780 1500 sceleribus
798 1427 916 1516 solvis,
936 1443 1038 1522 atquo
1055 1452 1124 1497 uno
1142 1429 1256 1496 omnia

333 1625 336 1632 ἱ
433 1541 621 1612 «Pensabis
640 1537 731 1610 ictu?
747 1540 909 1623 Moreris,
928 1538 993 1607 hoc
1014 1538 1101 1631 patri
1123 1551 1174 1606 snt
1193 1552 1254 1606 est.

432 1682 449 1716 α
461 1651 554 1743 Quid
573 1650 694 1720 deinde
712 1649 833 1732 matri?
847 1647 940 1738 Quid
961 1647 1046 1717 male
1067 1649 1102 1716 in
1119 1645 1225 1718 lucem
1246 1647 1350 1717 editis

433 1762 580 1836 attaris?
597 1760 690 1850 Quid
706 1760 788 1854 ipsi,
808 1785 882 1854 qnae
899 1773 993 1828 tuum
1016 1784 1137 1853 magna
1155 1757 1218 1829 luit
1416 1787 1448 1832 so

435 1902 452 1936 ιι
464 1871 580 1943 Scelus
596 1871 713 1958 ruina,
732 1868 833 1938 flebili
854 1869 970 1963 patriae
991 1869 1108 1938 dabis?

435 1981 632 2054 «Solvendo
651 2005 719 2050 non
738 2005 782 2050 es.
801 1977 862 2048 llla
882 2005 955 2073 quse
975 1978 1061 2074 leges
1079 1994 1166 2048 ratas

433 2123 450 2158 a
463 2095 592 2164 Natura
612 2092 645 2160 in
665 2115 733 2160 uno
753 2092 853 2159 vertit
871 2089 1071 2184 OEdipoda,
1090 2114 1195 2160 novos

426 2259 491 2331 93⁰·
503 2257 624 2313 Scelerum
642 2277 720 2328 copae
732 2257 834 2311 Citlsoer.
854 2257 899 2312 Ci·
985 2259 1053 2328 939.
1070 2258 1140 2327 Quid
1151 2257 1236 2310 deiude
1248 2263 1330 2311 matri.
1343 2259 1450 2331 Supple,

385 2341 502 2403 theron,
520 2340 567 2411 qui
587 2338 731 2390 recessibus
750 2337 805 2390 tuis
818 2335 899 2390 mults
945 2337 1030 2391 solves
1041 2377 1048 2402 ,
1059 2336 1196 2408 rependes.
1211 2370 1250 2380 -
1262 2338 1333 2390 Male
1345 2345 1370 2392 in
1385 2341 1450 2391 lunen

385 2420 506 2474 contines
517 2419 625 2472 scelera.
639 2417 702 2470 ileo
714 2431 802 2469 autem
818 2416 900 2470 scele·
943 2417 1022 2471 editis.
1052 2418 1108 2470 Sub
1137 2416 1318 2470 abominando
1341 2421 1450 2491 auspicio

385 2519 415 2554 ra
426 2500 539 2570 explieat
553 2496 714 2558 Farnobins,
727 2498 828 2567 Ageves
838 2535 845 2560 ,
857 2496 899 2548 vel
944 2497 1021 2551 natis.

386 2591 541 2632 ceterarum
566 2575 742 2640 Baccharum
769 2576 900 2645 interpres
984 2585 1050 2646 94²·
1067 2574 1185 2628 Solvendo
1203 2595 1250 2629 noa
1267 2597 1302 2631 es.
1314 2577 1386 2631 vide
1401 2579 1451 2650 pri·

386 2659 511 2731 gallicus,
530 2669 710 2709 monstrorum
725 2655 898 2716 immanium,
944 2675 1017 2709 mum
1033 2655 1216 2710 Animadvers.
1230 2657 1258 2708 in
1270 2657 1343 2710 lrnno
1355 2660 1453 2722 locum,

386 2739 448 2811 quie
474 2754 571 2808 nempe
601 2736 795 2805 πολυθηρότατον
822 2737 899 2796 νάπος
938 2755 1022 2807 ·quem
1040 2736 1150 2790 Grotius
1163 2755 1292 2808 perquam
1307 2738 1455 2808 ingeniosis·

385 2819 522 2872 Citheron
535 2813 610 2870 audit
623 2813 760 2886 Euripidi,
773 2813 900 2867 Plroeniss.
943 2817 1010 2869 sime
1025 2814 1195 2881 emendavit3
1218 2829 1243 2868 et
1262 2817 1321 2870 haee
1341 2819 1455 2890 intellige

385 2918 424 2952 vs.
437 2901 500 2954 tos.
513 2899 569 2951 Cur
581 2913 636 2948 non
648 2907 793 2966 utrumque
804 2893 901 2946 iutelli-
944 2895 1043 2967 OEdipi
1058 2914 1086 2948 se
1096 2897 1182 2968 ipsum
1195 2898 1331 2968 pergentis
1342 2897 1457 2968 alloqui:

386 2998 441 3051 gas,
450 2977 578 3040 crimine,
591 2975 698 3036 scelere,
709 2975 829 3038 furores,
841 2986 899 3026 tum
948 3002 959 3023 ι
975 2995 1041 3044 quss
1053 2993 1144 3046 poenss
1153 2973 1227 3028 dabis
1238 2981 1314 3028 tnou
1326 2990 1402 3050 potes
1410 2978 1457 3030 sol-

385 3060 519 3124 lerarum,
532 3070 590 3111 tum
602 3056 705 3126 Agaues
716 3054 844 3124 illiusque
855 3071 901 3106 oo·
944 3074 1023 3119 vere,
1041 3068 1151 3126 quantas
1170 3053 1259 3109 debes.
1281 3057 1331 3110 Ille
1352 3071 1459 3124 natura,

387 3139 503 3192 mitum?
944 3137 1019 3206 cujus
1036 3135 1106 3205 leges
1129 3135 1156 3186 in
1174 3152 1217 3186 nse
1235 3155 1291 3188 uno
1302 3150 1365 3191 sunt
1379 3157 1459 3209 supra

424 3214 644 3287 931.Sam‚vet
665 3213 760 3277 festus,
778 3209 812 3266 td
828 3229 900 3264 saera
944 3213 1034 3267 omnis
1056 3214 1177 3284 exempla
1198 3215 1316 3284 violatu,
1342 3231 1462 3270 mutetur

384 3318 430 3352 seu
443 3299 534 3360 Iovis,
547 3315 591 3350 seu
606 3293 704 3347 Bacchi
720 3305 811 3356 natus,
822 3304 852 3344 ut
865 3291 901 3345 sit
943 3306 1049 3366 oportet
1065 3295 1090 3347 in
1102 3293 1230 3365 supplicis
1245 3313 1311 3351 mea.
1323 3297 1463 3351 -Licinius

386 3378 486 3434 Baden.
497 3378 539 3432 vel
556 3373 739 3430 exsecrandus.
944 3391 1046 3444 nepos,
1063 3372 1134 3444 apud
1152 3375 1190 3426 M.
1203 3377 1347 3441 Senecam,
1365 3381 1461 3432 Coun.

428 3458 495 3526 933.
511 3459 584 3512 Nune
600 3453 671 3506 redde
684 3453 796 3523 Agaven.
813 3451 900 3523 Supra
945 3454 1068 3506 XXXIII
1080 3449 1132 3515 (ed.
1148 3456 1224 3507 Nost.
1244 3473 1272 3525 p.
1292 3448 1364 3524 4473
1379 3477 1387 3510 :
1404 3485 1415 3504 ι
1427 3459 1466 3509 Ut

386 3555 425 3588 vs.
440 3539 516 3600 616,
533 3551 559 3590 et
573 3535 643 3589 conf.
663 3533 791 3587 Phoeniss.
802 3551 841 3586 vs.
855 3549 899 3602 17,
944 3531 1074 3587 solvendo
1088 3534 1122 3586 sis
1137 3533 1164 3586 in
1181 3553 1271 3605 poenes
1287 3539 1397 3608 quoties
1417 3538 1466 3590 tibi

387 3613 421 3668 ad
437 3627 519 3668 notas.
944 3611 1138 3666 renascendum
1163 3615 1216 3666 esti
1234 3639 1244 3661 ι
1262 3617 1469 3684 Quintilianus,

428 3693 494 3763 934.
507 3695 636 3757 Fortuna,
649 3711 728 3765 supp.
743 3691 869 3746 adversa.
947 3692 1064 3746 Deelem.
1083 3693 1137 3759 IX,
1158 3713 1174 3761 9
1195 3688 1250 3755 (ed.
1268 3709 1339 3749 nost.
1358 3699 1419 3751 vol.
1433 3699 1471 3764 V,

427 3772 494 3840 93⁵.
518 3773 634 3843 Impiam,
655 3785 777 3826 ruentem
801 3772 902 3825 scilicet
945 3790 973 3842 p.
991 3769 1078 3836 aro):
1100 3773 1278 3828 1Placeamns
1298 3776 1364 3830 licet
1388 3779 1474 3832 nobis

386 3853 414 3906 iu
429 3853 568 3924 proprium
583 3852 673 3905 Inuus.
945 3851 1052 3905 fortune
1062 3864 1167 3915 nostre,
1183 3865 1267 3924 peter,
1281 3859 1405 3927 pauperi
1420 3859 1477 3912 sol-

429 3931 496 4003 936.
508 3932 600 3994 Ducit,
612 3928 701 3983 educit
717 3949 732 3983 e
746 3931 850 4001 vagina.
861 3959 901 3971 -
945 3929 1034 3984 vendo
1047 3951 1104 3986 nou
1113 3951 1214 3986 sumus.
1227 3959 1238 3982 s
1251 3967 1290 3978 -
1304 3938 1402 4002 Rotas,
1413 3957 1475 3992 cer.

389 4014 492 4078 Breues,
513 4012 530 4064 i.
543 4030 567 4065 e.
580 4027 687 4080 parve,
702 4009 788 4073 leves,
802 4023 829 4062 et
841 4021 902 4080 apte
947 4024 1000 4076 trs,
1015 4011 1042 4066 iu
1057 4023 1183 4068 eternum
1198 4025 1226 4066 et
1238 4015 1273 4068 sb
1284 4027 1394 4070 murno
1404 4039 1478 4072 oon-

389 4104 571 4165 oppounntur
582 4092 675 4160 maguis
687 4107 726 4142 vs,
737 4106 817 4160 praec.
831 4090 901 4143 Bau.
945 4091 1056 4144 stitutus.

429 4171 495 4243 937.
511 4171 658 4234 Scelsn'bus,
671 4167 762 4223 dativo
779 4168 901 4222 sumitur.
988 4171 1215 4243 943.Nooospart.
1225 4173 1305 4229 Filios
1318 4193 1353 4229 ex
1372 4191 1478 4234 marre,
