3116 5172
384 523 455 610 540
660 527 714 595 m
738 471 1170 594 AGAMEMNONEM
1210 577 1216 586 .
1258 575 1261 588 ,

382 670 409 712 et
427 656 456 710 id
469 675 551 730 genus
567 657 682 710 incolere
700 653 754 708 dici
769 666 881 726 possunt
892 671 990 724 eques,
1003 652 1124 705 homines
1137 669 1192 704 nou
1207 662 1330 724 possunt.
1344 651 1380 706 lit
1393 652 1449 708 boc

382 750 414 790 ut
426 738 507 803 bras,
518 734 655 812 quomodo
668 733 775 788 tendens
792 733 922 788 incoletur
934 732 1087 786 Cerberos?
1103 730 1178 783 ocius
1198 728 1385 802 reponendum
1400 735 1447 784 ed-

382 818 573 870 colomellos?
599 815 721 868 habitum
742 814 833 866 scolere
848 830 900 883 pro
920 812 1014 864 icolers.
1035 809 1109 864 Nihil
1123 810 1236 874 certius,
1253 827 1304 863 neo
1326 830 1389 864 reru
1408 811 1448 864 sic

382 909 507 950 erratum
518 893 679 966 Lygdamus,
692 893 765 963 Eleg.
777 893 829 959 m,
840 891 887 963 37,
894 909 927 944 ex
937 902 1027 944 nostre
1033 887 1235 944 emendatione:
1253 889 1315 942 «lle
1325 904 1403 944 rooet
1412 892 1451 942 ud

382 988 469 1030 vestus
485 992 575 1028 smnes
589 974 745 1046 nigrumque
761 970 885 1044 psludem
898 971 965 1024 Ditis
981 970 1009 1024 iu
1025 970 1118 1042 ignava
1130 967 1234 1022 luridus
1242 968 1328 1022 Oruus
1344 988 1423 1042 equa.
1433 999 1447 1017 .

285 1047 289 1054 ’
382 1053 439 1108 Ubi
453 1058 478 1108 in
491 1073 541 1127 pro
556 1053 592 1106 ad
602 1071 657 1106 non
672 1051 783 1123 impune
797 1068 950 1122 reponeres.

422 1160 466 1214 15.
480 1159 573 1230 corpu
581 1161 685 1212 evinctus
692 1168 760 1209 rotae.
773 1155 942 1209 Florentinut
953 1165 980 1208 et
990 1172 1058 1208 unus
1070 1173 1085 1208 e
1100 1151 1225 1207 Palatinis
1240 1165 1303 1205 rote.
1314 1152 1370 1208 Sed
1381 1173 1448 1208 vera

379 1250 420 1296 est
435 1239 542 1310 sulgon
556 1239 695 1308 scriptum.
708 1236 796 1289 Poetis
811 1237 884 1290 enim
895 1235 972 1288 lxion
985 1247 1050 1288 rote
1060 1233 1175 1304 illigatus
1186 1232 1305 1303 lingitur.
1312 1234 1448 1305 Virgilius

377 1317 431 1372 buo
443 1317 580 1382 alludens,
596 1316 702 1371 AEneid.
714 1318 750 1380 V,
762 1318 841 1370 6162
859 1341 870 1362 ι
879 1313 992 1368 rediisse
1011 1326 1128 1366 rotarum
1148 1311 1271 1365 Districti
1286 1309 1418 1383 pendent.
1431 1340 1443 1360 ·

377 1397 433 1451 Ubi
446 1397 501 1450 sid.
516 1397 762 1469 timu-mmm
776 1395 876 1448 dicitur
891 1411 941 1464 pro
955 1392 1086 1464 simplici,
1098 1391 1212 1458 vinctus,
1219 1405 1250 1444 ut
1261 1391 1335 1462 apud
1348 1393 1446 1446 Tibul·

377 1475 433 1531 lum
444 1517 452 1544 ,
465 1479 487 1542 1,
499 1495 529 1547 7,
542 1480 559 1530 6
574 1495 582 1532 :
599 1503 610 1524 ι
622 1476 739 1530 evinctos
752 1473 861 1530 brechia
880 1484 958 1545 napta
974 1471 1160 1526 duoes.·-1n
1172 1491 1199 1524 se
1215 1471 1332 1540 refertur,
1344 1471 1374 1525 id
1386 1485 1445 1536 est,

378 1556 576 1628 circumegitur.

420 1661 466 1716 03.
481 1645 631 1732 deputemus.
645 1659 701 1714 MS.
716 1659 800 1722 8036,
809 1671 963 1732 reputamur
976 1656 1157 1723 emmisset,
1169 1633 1311 1727 repetamus.
1322 1689 1363 1702 -
1372 1659 1443 1728 Quos

379 1741 419 1795 ot.
435 1739 511 1794 MSS.
522 1741 686 1812 complures,
694 1758 752 1814 quos
765 1739 806 1792 ab.

417 1846 463 1898 ²8.
474 1844 592 1898 Fortuna.
607 1843 810 1915 8001ῂο090000
825 1855 945 1910 comtere
955 1840 1165 1914 exsequentibus
1177 1839 1320 1912 legendum
1334 1845 1446 1909 sonmo,

378 1923 440 1994 quis
452 1925 560 1977 orsoulo
569 1936 678 1980 sectore
684 1923 814 1996 Thyestes
826 1941 888 1976 eum
899 1922 954 1976 fitia
968 1921 1059 1975 coivit.
1072 1922 1106 1974 ts
1119 1920 1257 1974 Gronusin
1271 1935 1393 1976 constare
1403 1923 1445 1976 si·

376 1999 456 2055 detur
473 2003 524 2056 hoc
538 2004 597 2074 ipso
617 2022 696 2056 versu
709 2023 763 2058 non
784 2021 862 2074 posse
879 2001 931 2073 legi
950 2005 1043 2054 cortine
1060 2021 1070 2054 :
1092 2000 1167 2054 nullo
1188 2000 1260 2054 enim
1277 2003 1388 2055 oraculo
1409 2001 1446 2054 sd

377 2081 562 2136 munducauda
573 2083 722 2136 liberorum
739 2101 852 2154 corpore
864 2081 996 2136 secessit.»
1015 2080 1114 2150 Accipe
1124 2079 1216 2150 igitur,
1229 2080 1334 2152 iuquit,
1350 2081 1446 2134 Fortu-

376 2179 432 2212 nsns
444 2180 494 2232 pro
509 2163 571 2216 loto.
592 2162 687 2215 Fatum
701 2161 766 2216 dicit
781 2161 893 2214 inscium
906 2179 934 2214 ee
945 2160 1087 2214 meoulssse
1098 2157 1219 2213 nefandis
1234 2159 1322 2231 epulis
1336 2181 1343 2212 :
1357 2160 1446 2214 fetum

377 2241 503 2300 scientem
516 2241 652 2313 impulisse
665 2260 714 2314 per
727 2242 856 2296 Phoebum
873 2238 907 2296 sd
921 2241 1027 2294 inceste.
1087 2247 1089 2251 “

417 2351 464 2402 09.
479 2332 609 2386 60000800
621 2334 705 2386 socha.
719 2331 795 2388 MSS.
814 2331 899 2398 8055,
910 2333 982 2386 tots
993 2370 1001 2400 ,
1012 2333 1096 2402 ⁸029,
1111 2344 1138 2386 et
1147 2331 1268 2404 plerique
1284 2332 1331 2386 elii
1348 2352 1446 2388 «oom-

382 2411 456 2465 misit
465 2411 571 2466 scelus·
585 2412 659 2469 dent.

417 2500 463 2557 35.
477 2504 533 2556 Avo
539 2516 670 2574 parentem.
692 2506 732 2558 Ite
749 2504 880 2558 Commel.
896 2517 923 2558 et
935 2502 1038 2557 Fsbeio.
1056 2515 1083 2557 at
1097 2503 1175 2558 MSS.
1192 2504 1248 2557 lere
1271 2521 1364 2558 omues
1380 2523 1447 2559 cuns

376 2579 479 2652 lipsio,
490 2583 546 2634 Avo
558 2597 673 2654 nepotem.

417 2671 464 2728 38.
477 2671 555 2726 Sortis
566 2673 740 2744 mmmoessdss.
758 2672 800 2727 Ad
813 2674 842 2729 b.
854 2674 874 2728 l.
890 2673 1041 2728 Gronovius
1060 2692 1068 2727 t
1086 2700 1097 2722 ι
1108 2686 1255 2746 utcumque
1269 2693 1322 2728 non
1343 2675 1445 2730 Delrio

376 2749 471 2818 modo,
487 2751 533 2806 sed
553 2766 580 2808 et
593 2753 726 2826 Scaligero
742 2753 842 2826 pleceet
858 2753 903 2806 ille
922 2758 1010 2808 incesto
1020 2773 1082 2812 sors,
1096 2752 1239 2824 legendum
1252 2773 1310 2808 cum
1324 2753 1403 2809 Flos.
1416 2769 1446 2810 et

377 2832 451 2902 Lips.
464 2839 537 2886 sortis
555 2838 651 2888 moereo
663 2833 737 2906 fides.
756 2833 901 2906 llypnllage
916 2845 970 2899 est,
991 2846 1021 2888 ut
1035 2833 1071 2887 eit
1084 2846 1164 2898 nota,
1178 2852 1228 2905 pro
1243 2835 1319 2887 sortis
1338 2835 1447 2890 incerta

376 2911 452 2968 fides.
466 2913 536 2979 Quis
546 2927 598 2968 tem
611 2911 686 2968 tarde
697 2911 985 2986 apparuit‚dubitntum
1000 2912 1034 2967 de
1047 2931 1076 2967 es
1086 2912 1224 2985 significat.
1239 2913 1277 2966 Ut
1284 2913 1443 2968 Petronius:

266 3003 273 3020 ·
381 2993 437 3044 sEt
451 2994 517 3046 sotis
530 2992 595 3047 fides
607 2993 759 3047 Calobsntis
769 3005 827 3046 etro
842 2990 922 3046 dubis
933 2991 1068 3063 pendebat
1080 3005 1164 3046 metu.
1179 3019 1191 3040 ι

416 3090 462 3147 40.
475 3087 538 3138 Post
552 3085 651 3139 heims.
674 3085 750 3139 tiss.
769 3103 861 3138 omnes
877 3098 904 3139 et
918 3085 974 3139 Pal.
989 3103 1097 3157 qunque
1109 3103 1171 3139 cum
1185 3085 1302 3139 Gentem
1319 3087 1445 3156 probent

375 3163 437 3216 Post
445 3164 525 3226 deso,-
535 3178 606 3218 retro
620 3165 732 3236 vulgati,
742 3165 803 3217 Post
818 3165 889 3226 dium·
900 3183 949 3217 nos
958 3165 1091 3234 vulgatum
1106 3165 1275 3219 servavimus.

416 3255 433 3308 5
438 3274 462 3308 r.
475 3257 518 3308 An
531 3257 581 3309 dee.
600 3257 643 3308 lsoc
657 3263 701 3308 [αι’
714 3275 775 3326 resp.
795 3256 831 3308 od
847 3268 904 3309 mot.
921 3255 946 3309 d.
963 3255 1088 3308 Nostram
1101 3255 1242 3310 lectionem
1256 3265 1350 3309 tuetur
1368 3255 1445 3327 Lips.

373 3333 431 3388 tls.
448 3335 523 3406 6377
535 3336 607 3389 bunc
622 3353 727 3389 versum
741 3335 953 3389 sicimmutstum
970 3335 1096 3389 exbibet:
1115 3362 1126 3383 ι
1138 3338 1179 3387 Αο
1196 3333 1224 3388 d.
1237 3347 1281 3401 te,
1295 3348 1342 3388 sut
1354 3341 1447 3406 κερέα

375 3432 408 3466 an
417 3426 488 3468 mute.
501 3415 527 3466 d.
541 3414 612 3468 baud
624 3415 743 3468 feliciter.

413 3503 459 3558 56.
474 3507 562 3560 liedda.
574 3506 679 3577 Vulgo:
694 3506 786 3570 Redde,
797 3523 846 3577 per
858 3523 886 3559 se
901 3503 1008 3578 quidem
1019 3505 1092 3560 baud
1102 3507 1184 3570 mele,
1202 3507 1249 3560 sed
1259 3527 1347 3578 quum
1361 3507 1445 3561 modo

374 3583 524 3654 AEgistbum
553 3587 648 3638 unsbra
670 3586 880 3658 compellaverit.
908 3585 998 3640 mulien
1017 3605 1095 3652 sene,
1118 3587 1299 3657 ambiguitatis
1326 3587 1446 3642 vitanda

374 3681 466 3727 osuse,
480 3664 553 3734 quod
569 3664 660 3718 suadet
676 3667 760 3720 Gron.
774 3691 785 3712 ι
796 3665 880 3718 Reddo
893 3667 946 3736 jem
959 3663 1060 3718 mundo
1071 3663 1169 3720 diem·
1188 3667 1249 3720 Nou
1262 3668 1300 3722 its
1314 3687 1376 3720 rsro
1389 3690 1404 3720 e
1419 3683 1447 3722 et

373 3763 389 3792 o
403 3743 486 3796 literre
502 3745 616 3797 conluere
630 3746 657 3797 in
671 3746 746 3798 MSS.
759 3745 831 3799 velut
839 3746 940 3798 Tibulli
952 3746 981 3810 1,
995 3765 1021 3810 e,
1038 3746 1091 3811 50,
1107 3764 1190 3817 queem
1205 3764 1298 3818 margo
1318 3745 1450 3801 editionis

373 3821 445 3876 Bsix.
462 3823 569 3878 hebent:
593 3850 603 3870 ι
618 3825 816 3892 estivosulserae
825 3825 969 3890 arbedone,
980 3850 991 3871 ι
1008 3823 1263 3896 legendumvidetnr
1275 3843 1282 3878 :
1293 3826 1446 3890 subteneo.

375 3901 443 3962 diem·
457 3903 579 3964 fulserat,
591 3900 618 3954 id
630 3916 682 3968 est,
694 3905 793 3974 fulgere
809 3903 899 3970 desiit,
912 3906 1069 3960 obscuratus
1087 3917 1141 3968 eet,
1154 3918 1282 3975 usurpato
1300 3906 1448 3976 plusquam

373 3981 559 4052 perlecto‚pro
574 3983 707 4053 perlect03
725 3985 793 4036 sicut
806 3982 977 4054 pessimVid.
988 3982 1021 4036 ud
1033 3983 1114 4055 llipp.
1131 3984 1193 4049 540.
1207 3984 1382 4056 Quemquam
1394 4005 1448 4039 nec

371 4060 438 4111 rieule
451 4061 598 4129 reposueris
614 4079 620 4112 :
641 4085 651 4104 ι
656 4063 762 4128 fulserat
770 4065 836 4116 orbe
851 4065 916 4128 dem,
930 4062 1076 4118 Phoebus.-
1087 4065 1170 4116 Bnrn.

413 4151 457 4219 59.
468 4153 572 4205 Excelsa
586 4155 658 4206 locos.
669 4153 743 4207 MSS.
753 4156 838 4219 8024,
853 4157 937 4221 8031,
952 4157 1037 4224 8037,
1049 4157 1134 4220 8030,
1146 4157 1233 4222 8060,
1243 4169 1298 4211 eto.
1315 4183 1327 4204 ι
1341 4157 1450 4212 excelse
