3008 5158
369 527 434 600 130
661 529 698 593 ι..
726 509 904 594 suuni
930 527 1137 596 sussen

409 655 498 725 Noto
521 652 687 734 minatur,
707 648 808 741 impia
828 649 971 718 incestos
992 647 1073 718 fuce.

407 764 470 832 Hic
488 787 541 830 me
559 760 708 856 paternis
726 757 855 853 expulit
875 759 987 852 reguis
1008 761 1121 829 timor.

410 873 489 942 Non
505 895 569 964 ego
586 883 723 964 penates
741 866 906 962 profugus
919 869 1043 938 excessi
1063 894 1162 940 meos.

409 985 532 1050 Parum
555 979 628 1073 ipsc
644 976 750 1046 fidens
770 977 940 1064 mihimet,
961 979 996 1046 in
1019 992 1092 1048 tuto
1111 993 1187 1062 tua,
1240 1061 1245 1070 ὁ
1272 1011 1275 1018 ’

410 1093 556 1176 Natura,
572 1087 667 1182 posui
687 1088 764 1180 jure
784 1113 791 1156 :
811 1111 915 1180 quum
933 1112 1056 1182 magna
1073 1088 1228 1176 horrens,
1406 1117 1425 1154 ‚s

410 1203 495 1289 Quae
514 1223 608 1292 posse
633 1197 706 1266 fieri
728 1221 798 1266 uon
818 1211 933 1291 putes,
956 1213 1083 1267 metues
1103 1213 1224 1268 tomen.

367 1295 370 1307 ¹
407 1312 535 1381 Cuncta
553 1331 752 1403 expavesco,
773 1330 893 1400 meque
912 1332 981 1375 non
1000 1306 1100 1376 credo
1119 1307 1212 1378 mibi.

407 1419 546 1512 Jamjam
564 1417 690 1512 aliquid
709 1419 743 1484 in
760 1441 821 1486 nos
844 1413 912 1486 lata
933 1415 1045 1486 moliri
1065 1431 1195 1510 perant.

410 1531 497 1600 Nam
520 1528 600 1624 quid
622 1551 713 1612 rear,
731 1526 823 1620 quod
842 1527 904 1595 istc
923 1525 1076 1597 Cadmeae
1094 1525 1165 1594 lues

411 1640 535 1710 Infesta
555 1639 668 1732 genti,
686 1651 796 1731 strage
813 1651 881 1706 tam
904 1634 970 1706 late
985 1636 1074 1706 edita

410 1750 496 1820 Mihi
517 1749 624 1844 parcit
645 1745 728 1816 uni?
744 1747 799 1814 cui
820 1771 1028 1816 reservamur
1047 1745 1158 1816 malo?

410 1865 502 1930 Inter
519 1859 630 1927 ruinas
649 1857 763 1941 urbis,
785 1871 819 1925 et
838 1881 967 1952 semper
985 1857 1080 1925 novis

411 1969 574 2039 Dellenda
593 1967 738 2037 lacrimis
757 1965 889 2054 lunera,
910 1992 949 2036 ac
970 1965 1087 2062 populi
1109 1982 1255 2050 struem,

411 2080 592 2150 Incolumis
610 2081 705 2148 adsto
724 2105 732 2148 :
751 2077 878 2147 scilicet
894 2077 1012 2148 Phoebi
1034 2101 1108 2146 reus

410 2195 551 2286 Spemne
570 2205 702 2286 poteras
721 2187 899 2258 sceleribus
918 2187 1017 2256 tantis
1040 2185 1112 2256 dari

410 2305 564 2396 Regnum
583 2297 740 2368 salubre?
757 2297 895 2365 fecimus
913 2295 1030 2366 caelum
1046 2321 1180 2366 nocens.

407 2413 484 2479 Non
506 2432 587 2478 aura
605 2404 717 2504 gelido
737 2405 820 2474 lenis
838 2405 956 2476 afflatu
977 2407 1068 2475 fovet

404 2595 449 2631 ιι.
466 2577 543 2644 Impia
557 2576 657 2626 incestos
665 2573 732 2642 sace.
750 2573 872 2626 Minatur
958 2591 1002 2643 ²9·
1016 2573 1129 2628 Cadmeae
1136 2576 1213 2644 genti.
1221 2575 1244 2626 1.
1252 2574 1434 2638 e.Tbebsnse,

361 2655 417 2709 filio
428 2656 611 2707 incestoscum
621 2666 704 2706 matre
713 2653 873 2723 hymeneos,
917 2673 931 2706 s
948 2652 1052 2706 Cadmo
1071 2651 1217 2706 conditore.

363 2735 460 2808 quibus
471 2732 590 2786 illucebit
601 2733 643 2785 fex
653 2733 744 2804 impis.
956 2734 1003 2788 33.
1021 2733 1111 2803 Populi
1125 2743 1222 2786 strum.
1241 2731 1353 2786 Civium
1374 2753 1438 2786 con·

406 2813 450 2869 23.
466 2813 522 2866 Non
542 2831 587 2882 ego
604 2825 720 2882 perata,
741 2824 790 2865 etc.
810 2809 872 2863 Non
915 2826 1019 2866 cerreto
1032 2831 1155 2883 corporo.

365 2913 414 2966 ego
431 2905 542 2966 propter
557 2891 679 2964 supplicii
699 2903 816 2954 metum,
830 2901 875 2944 aut
958 2891 1004 2955 34.
1018 2892 1094 2946 Incol.
1107 2893 1185 2945 adsto.
1200 2889 1305 2944 Adsum
1322 2891 1403 2946 testis
1414 2907 1442 2946 et

363 2974 474 3044 alicujus
494 2973 587 3044 jussu,
615 2971 745 3043 prologus
776 2969 875 3023 excessi
916 2970 1011 3024 solvus.
1027 2970 1156 3025 Similiter
1167 2971 1382 3034 Statius‚Tbeb.
1393 2973 1439 3034 11,

365 3053 506 3116 Corintho,
520 3049 565 3105 sed
576 3051 633 3122 ipse
647 3051 767 3103 mihimet
777 3067 874 3120 perum
918 3051 974 3120 678
987 3069 994 3104 :
1011 3073 1022 3094 ι
1031 3049 1166 3104 mediisin
1180 3049 1299 3103 cedibus
1315 3049 1438 3106 adstat·

366 3132 464 3196 fideus,
476 3145 503 3184 et
516 3145 637 3184 metuens
649 3149 683 3183 ne
701 3127 806 3200 duplex
819 3147 875 3182 sce·
917 3129 982 3183 Vid.
997 3129 1180 3184 Animadvers.
1189 3129 1341 3184 -Seils'cet
1356 3132 1443 3184 Plroebi

364 3213 406 3265 lus
420 3223 566 3282 patrarem,
581 3209 654 3282 quod
663 3207 795 3286 indixerat
808 3207 875 3261 mibi
918 3229 983 3262 reus.
1002 3209 1035 3262 Se
1059 3210 1145 3280 ipsum
1167 3210 1344 3282 interpellet,
1367 3212 1444 3284 quasi

366 3291 520 3356 cucculum,
541 3289 641 3360 procul
662 3307 677 3341 a
697 3301 780 3341 matre
794 3299 821 3342 et
833 3306 877 3359 ge·
917 3289 1028 3360 abrupte
1044 3289 1347 3344 etcoocissorstione:
1373 3289 1445 3343 «sed

366 3373 453 3424 nitore
464 3369 587 3422 essulsvi.
918 3367 984 3440 quid
994 3369 1112 3440 quereris
1119 3368 1152 3422 de
1161 3374 1254 3440 peste?
1268 3369 1375 3422 Phoebi
1386 3389 1446 3424 ora·

408 3449 489 3513 2411·
498 3439 876 3517 tuto,etc.Ilocel'l'eci‚ne'poe·
917 3449 977 3501 culo
991 3449 1020 3500 in
1030 3461 1104 3502 tants
1118 3449 1214 3502 scelere
1228 3447 1395 3510 damnatus.
1412 3471 1446 3504 en

365 3548 420 3584 sem
433 3545 548 3599 unquam
562 3538 662 3580 nature
675 3527 734 3596 jure
746 3526 854 3579 violare.
917 3545 1021 3598 sperare
1034 3540 1154 3600 poteras,
1171 3541 1222 3582 etc.
1238 3553 1249 3576 ι

407 3606 542 3676 eboreum
552 3605 753 3676 magnalromus.
768 3605 875 3658 Dictum
959 3606 1005 3660 36.
1026 3605 1139 3670 Salubre,
1164 3607 1242 3671 felix,
1261 3627 1447 3682 prosperum.

365 3687 535 3759 generaliter:
546 3685 877 3756 quicumquemsgnsbor·
917 3684 1022 3740 nttudit
1038 3687 1090 3739 boc
1101 3689 1212 3740 verbum
1229 3687 1262 3741 sd
1277 3693 1449 3762 corruptio·

365 3781 420 3832 ret,
434 3765 534 3820 etiamsi
548 3783 578 3818 es
591 3765 649 3818 lieri
661 3781 737 3836 posse
754 3784 809 3818 non
824 3783 875 3836 pu·
916 3783 977 3818 cem
989 3766 1062 3830 eseli,
1077 3764 1151 3838 quod
1163 3764 1271 3838 quidem
1284 3769 1361 3824 ciris
1374 3789 1452 3824 seve·

364 3859 401 3900 tet
408 3887 417 3912 ,
431 3857 530 3899 metuat
542 3855 631 3897 tomen
642 3861 747 3898 necesse
757 3857 804 3898 est.
916 3845 994 3898 rioris
1003 3844 1097 3918 judicii
1110 3846 1198 3899 minus
1207 3847 1396 3918 probabitur.
1412 3883 1453 3894 -

408 3925 453 3980 28.
467 3923 573 3995 Jumjam
582 3922 683 3996 aliquid.
691 3924 751 3977 Iam
761 3924 814 3976 fsto
825 3923 873 3976 sli-
917 3923 1039 3986 Fecimus.
1052 3937 1103 3978 etc.
1114 3927 1173 3997 Ipse
1185 3945 1234 3997 ego
1248 3927 1325 3981 hunc
1338 3945 1453 4000 pestem

366 4005 433 4078 quid
448 4005 516 4058 mihi
534 4004 668 4057 funestum
690 4017 716 4055 et
735 4015 806 4074 peste
827 4021 872 4056 sre-
915 4005 1054 4070 roselmi,
1069 4023 1120 4076 qus
1132 4005 1163 4058 fit
1176 4007 1271 4059 noxius
1281 4025 1348 4062 ser.

364 4087 423 4139 rius
433 4097 624 4156 parsot,quum
637 4081 701 4135 mihi
711 4083 770 4146 soli,
781 4081 808 4134 in
822 4101 871 4134 css·
957 4083 993 4154 37
1008 4103 1064 4156 sqq.
1075 4085 1141 4152 Qum
1153 4087 1271 4156 sequitur
1289 4091 1389 4156 pestis
1409 4095 1455 4144 ‹le-

364 4179 479 4219 terorum
494 4178 595 4234 strsge.
608 4171 725 4234 percant.
915 4163 1039 4233 scriptio,
1055 4183 1205 4235 quanquam
1222 4169 1400 4231 nonnullis.
1427 4183 1454 4222 et
