3058 5164
347 529 417 602 356
644 529 683 596 L.
710 459 1116 601 Auuffitlsuttscn'

398 657 553 726 Cremats
570 649 713 720 flammis
731 650 836 719 maria
854 651 1038 721 committet
1057 653 1135 724 duo.

398 767 472 835 Hoc
489 777 591 832 restat
608 787 715 831 unum
734 787 741 829 :
762 763 951 856 pronubam
973 763 1119 835 thalamo
1137 767 1240 838 leram

398 877 447 945 Ut
465 875 536 968 ipsa
552 873 689 968 pinum;
709 885 850 966 postque
869 873 1035 943 sacrificas
1056 899 1169 970 preces

399 981 533 1055 Credam
551 981 669 1050 dicatis
686 981 837 1050 victimas
855 980 1026 1052 alteribus.

399 1099 464 1166 Per
486 1095 609 1162 viscera
628 1091 699 1187 ipsa
716 1117 827 1186 quaere
845 1091 1012 1188 supplicio
1033 1095 1139 1181 viam,

399 1205 434 1277 Si
454 1204 553 1290 vivis,
570 1203 704 1273 animet
727 1203 753 1271 si
775 1203 857 1296 quid
873 1205 1001 1299 antiqui
1020 1206 1081 1274 tibi

400 1319 563 1386 Remanet
581 1313 723 1409 vigoris,
744 1311 828 1407 pelle
848 1313 1007 1384 semineus
1025 1329 1154 1404 metus,

400 1427 444 1494 Et
462 1423 695 1518 inhospitalem
715 1427 902 1494 Caucasum
926 1439 1037 1494 mente
1061 1427 1171 1497 indue.

401 1533 650 1628 Quodcumque
666 1532 751 1602 vidit
768 1533 882 1604 Phasis
899 1549 957 1604 aut
974 1539 1101 1606 Pontus
1118 1538 1227 1626 nolas,

401 1644 539 1716 Videbit
556 1643 722 1714 isthmos:
741 1643 859 1730 effera,
877 1645 1010 1740 ignota,
1027 1646 1182 1735 horrida,
1393 1670 1414 1710 ss

402 1753 588 1826 Tremenda
609 1751 691 1824 cselo
712 1755 836 1848 pariter
855 1779 894 1824 uc
911 1756 1008 1824 terris
1026 1755 1133 1844 mula,

402 1869 500 1937 Mens
521 1866 612 1934 intus
634 1865 759 1959 agitat3
777 1864 933 1953 vulnera,
951 1880 985 1935 ct
1003 1867 1148 1948 caedem,
1171 1882 1204 1936 et
1227 1893 1350 1963 vagum

403 1981 520 2047 Funus
537 2000 597 2070 per
614 1989 729 2046 artus:
749 1973 834 2044 levia
854 1977 1034 2046 memoravi
1056 1978 1166 2048 nimis.

406 2091 485 2156 Haeo
500 2086 598 2181 virgo
617 2083 703 2170 feci;
719 2086 853 2180 gravior
872 2101 1028 2181 exsurgat
1046 2085 1159 2156 dolor:

405 2197 536 2290 Majora
555 2195 626 2289 jam
653 2219 706 2263 me
727 2193 850 2264 scelera
877 2211 952 2290 post
976 2212 1093 2290 partus
1119 2197 1247 2268 decent.
1395 2219 1417 2256 ⁵0

405 2307 591 2402 Accingere
610 2306 679 2394 ira,
705 2319 803 2401 teque
822 2307 856 2375 in
877 2306 1017 2376 exitium
1041 2331 1119 2402 para

320 2538 325 2548 Ι
398 2473 445 2528 36.
458 2471 607 2534 committet,
621 2469 706 2524 meria
717 2471 869 2542 conjunget.
914 2472 1124 2528 rumimmauesn
1130 2472 1332 2536 crudelitatem,
1345 2474 1418 2536 ἄξαις

399 2552 446 2624 37.
462 2551 518 2604 Huc
538 2559 613 2602 restet
633 2567 719 2615 usum,
741 2550 826 2605 scilic.
841 2563 873 2605 ut
915 2549 1059 2606 diceretur.
1075 2551 1146 2608 Vide
1159 2555 1293 2607 Ammian.
1308 2551 1418 2606 himerii.

359 2632 443 2688 lenm
456 2630 528 2704 ipsa.
542 2640 594 2681 etc.
918 2632 965 2686 lib.
979 2633 1068 2686 xx11.

402 2708 450 2764 38.
464 2710 563 2762 Piauae.
574 2703 683 2760 Tudssn
696 2707 811 2779 pineam.
959 2715 1003 2777 46.
1018 2712 1086 2766 Celo
1097 2731 1128 2764 ee
1139 2716 1218 2768 terris.
1234 2713 1292 2766 Diis
1304 2725 1331 2766 et
1340 2711 1418 2764 bomi-

403 2796 450 2854 41.
462 2787 493 2842 Si
505 2791 576 2842 uisis.
587 2785 615 2839 si
627 2785 694 2858 quid
708 2788 793 2860 spiras
805 2788 873 2842 riri·
917 2791 995 2845 uibus
1008 2791 1193 2846 abominsnde.

359 2869 425 2926 dum
443 2884 664 2941 genmosumque.
680 2866 714 2920 Se
732 2866 768 2922 ad
785 2867 869 2922 vindi·
958 2878 1004 2942 47.
1021 2871 1117 2941 Vagam
1133 2871 1216 2924 Funus
1225 2891 1271 2942 per
1284 2883 1358 2924 enm.
1374 2870 1421 2922 Fu·

359 2963 429 3008 utam
442 2949 542 3004 incitet.
918 2968 969 3003 nus
978 2968 1089 3021 vagum,
1102 2951 1163 3023 quie
1175 2949 1353 3024 mlligeudurn
1364 2950 1420 3011 luit,

404 3028 450 3096 43.
464 3029 597 3084 mesum
614 3025 700 3094 indere,
713 3027 732 3081 i.
744 3047 767 3081 e.
782 3028 872 3082 ferite·
918 3027 1042 3100 dispersis
1057 3032 1136 3100 longe
1150 3031 1255 3104 lateque
1267 3031 1373 3102 Absyrti
1387 3031 1421 3082 la·

361 3121 416 3165 tem
434 3122 461 3163 et
476 3105 661 3162 crudelitatem
675 3109 874 3161 Heniochorum
917 3110 997 3163 cerati
1011 3109 1145 3163 membris.

361 3200 390 3244 et
409 3187 567 3261 Scytharum
588 3185 635 3258 qui
655 3183 688 3238 sd
708 3188 872 3241 Caucasum:
960 3189 1186 3262 48.Leviejunge
1198 3209 1259 3244 cum
1271 3193 1347 3242 sireis.

363 3287 425 3324 uam
446 3267 486 3320 illi
506 3265 591 3320 solent
612 3265 728 3336 hospites
749 3279 873 3320 mactere.
960 3274 1006 3336 49.
1019 3269 1081 3322 Hoee
1090 3271 1228 3340 virgoseci.
1239 3270 1336 3324 Haecin
1348 3269 1424 3322 lratre

362 3347 475 3419 Thyest.
490 3364 529 3398 rs.
542 3349 626 3410 1046.
917 3347 1032 3420 Absyrto
1044 3349 1095 3402 leci
1107 3349 1183 3420 virgo
1195 3348 1313 3402 nondum
1327 3357 1424 3402 assueta

404 3432 453 3492 44.
464 3423 635 3498 Quodcumque
647 3423 728 3490 uidit,
747 3437 797 3478 etc.
809 3425 875 3480 Tale
919 3440 959 3482 tot
970 3429 1060 3493 malie,
1077 3441 1105 3483 nt
1118 3429 1209 3482 Iasoni
1225 3430 1370 3491 nubercam
1384 3425 1423 3478 eui

364 3506 410 3560 bic
429 3507 457 3560 in
477 3505 609 3559 Corintho
629 3506 740 3576 patrabo
759 3504 876 3571 facinus,
919 3519 1008 3576 nuptm
1022 3519 1048 3561 et
1061 3525 1092 3560 ex
1105 3525 1137 3561 eo
1150 3509 1228 3561 matri
1241 3509 1329 3570 facte,
1345 3526 1379 3560 ne
1390 3503 1427 3558 di·

365 3585 444 3659 quale
452 3584 516 3638 olim
525 3585 552 3636 in
560 3582 877 3658 Colchide,cujusPhasis
921 3587 1023 3651 mittar,
1034 3587 1076 3642 vel
1093 3587 1173 3640 etiam
1189 3589 1216 3640 in
1232 3585 1336 3660 repudii
1347 3583 1428 3639 vindi·

365 3665 462 3719 fluvius
485 3675 539 3728 est,
559 3681 671 3737 querque
691 3666 764 3736 regio
789 3665 875 3718 Ponto
918 3678 999 3730 ctam,
1020 3669 1119 3738 majora
1137 3680 1199 3721 sunt
1213 3668 1309 3722 seelera
1324 3665 1429 3736 excogi-

363 3743 554 3800 contermiue:
578 3743 625 3796 ubi
645 3743 744 3798 scilicet
768 3745 875 3798 lrstrem
920 3743 1009 3800 tande.

362 3825 508 3896 Absyrtum
521 3821 647 3892 discerpti
659 3820 879 3896 dispersique,ut
962 3827 1008 3879 50.
1021 3825 1082 3876 Post
1091 3837 1186 3896 pertus.
1205 3827 1246 3879 Ex
1264 3844 1318 3898 qno
1337 3825 1432 3895 peperi

363 3903 432 3978 patri
446 3921 490 3956 me
505 3900 656 3972 insequenti
670 3919 771 3955 moram
784 3903 877 3974 injice·
921 3915 997 3958 natos
1011 3922 1018 3957 :
1034 3918 1060 3958 et
1081 3923 1131 3976 pro
1153 3905 1324 3976 frequentiori
1341 3922 1432 3957 rerum

364 4001 442 4048 rem,
464 3979 532 4034 dum
551 3991 623 4033 artus
643 3977 781 4052 dissipatos
803 3982 878 4035 colli·
922 3985 1153 4056 stqnehominum
1165 4003 1215 4038 usu
1225 4003 1285 4038 sum
1296 3997 1433 4052 corrupta

364 4074 482 4134 geret-
488 4059 591 4112 Pontus.
603 4059 736 4124 Euxinus,
750 4079 799 4132 per
812 4063 877 4116 anti·
963 4063 1010 4118 51.
1024 4066 1052 4117 ln
1063 4067 1176 4124 esitium.
1188 4083 1234 4118 seu
1250 4065 1303 4130 tul,
1314 4081 1362 4116 seu
1376 4076 1436 4116 tuo-

364 4141 502 4212 pbrasim:
523 4157 605 4211 quum
624 4139 698 4209 prius
720 4141 756 4193 ob
777 4141 877 4196 incola·
922 4163 981 4198 rum
999 4143 1285 4212 bostium,Creontis,
1297 4154 1347 4196 etc.
