3042 5190
342 549 684 628 HIPPOLYTUS.
711 559 816 626 ior.
843 561 913 627 111.
1117 517 1192 656 69¹

159 705 245 750 rues.
263 680 373 749 Effare
390 706 398 749 ε
417 680 485 750 fido
503 695 636 775 pectore
649 705 768 749 arcana
788 680 951 750 occulato.
1127 707 1164 758 ⁸⁷⁵

160 814 210 858 ru.
230 789 338 859 Alium
360 789 455 860 silere
473 790 563 884 quod
580 789 687 874 voles,
706 791 834 884 primus
852 789 920 858 sile.

156 923 239 970 rues.
256 902 327 970 Leti
347 899 486 970 facultas
506 898 595 968 nullu
618 889 788 993 continget
808 899 879 968 tibi.

158 1011 312 1080 minori
335 1009 457 1078 volenti
478 1009 590 1078 deesse
606 1034 696 1078 mors
714 1033 886 1102 nunquam
905 1024 1023 1104 potest.

158 1143 245 1190 rues.
263 1119 365 1209 Quod
385 1122 426 1193 sit
443 1117 602 1190 luendum
623 1134 731 1188 morte
751 1117 928 1205 delictum,
950 1119 1068 1188 indica.

158 1229 315 1321 rfl.Quod
324 1230 410 1298 vivo.
418 1253 515 1300 rurs.
531 1231 691 1300 Incrimae
705 1242 864 1308 nonnete
875 1244 995 1298 nostrie
1009 1229 1167 1300 movent?

156 1363 202 1408 ru.
219 1341 311 1408 Mors
324 1340 450 1433 optima
466 1354 515 1408 est
530 1341 638 1432 perire
655 1339 892 1408 lacrimandum
910 1340 988 1409 suis.
1127 1367 1163 1404 un

156 1472 242 1517 rurs.
261 1447 367 1518 Silere
385 1450 493 1543 pergit
511 1475 519 1516 ε
539 1451 674 1518 verbere
691 1459 730 1517 oc
748 1448 865 1517 vinclis
886 1475 969 1518 anus

158 1556 323 1652 tlltrixque
342 1557 478 1652 prodet,
497 1558 661 1652 quidquid
683 1559 752 1628 boec
773 1558 835 1628 furi
856 1561 983 1631 abnuit.
1089 1632 1093 1638 ,

154 1668 276 1735 Vincite
293 1665 383 1735 ferro
402 1695 409 1734 :
427 1667 603 1736 verberum
623 1669 673 1738 vis
690 1668 841 1738 extrahat

154 1777 279 1844 Secreta
300 1777 433 1844 mentis.
454 1801 512 1846 nn.
534 1780 609 1871 Ipsa
625 1780 696 1871 jam
717 1777 822 1865 fabor,
844 1803 952 1848 mane.
1124 1805 1162 1842 us

153 1909 240 1954 rurs.
259 1885 431 1974 Quidnam
446 1911 505 1955 ora
521 1901 635 1956 moeste
652 1889 787 1974 avertis,
805 1902 837 1956 et
856 1886 1008 1960 lacrimas
1027 1892 1117 1983 genis

152 1995 263 2064 Subito
284 2011 415 2065 coortus
436 2013 525 2065 veste
542 2010 700 2090 praetenta
720 1997 873 2091 obtegis?

154 2128 205 2173 rii.
224 2109 290 2191 Te,
314 2120 366 2191 te,
384 2121 514 2174 creator
536 2105 698 2190 caelitum,
723 2120 837 2176 testem
857 2109 992 2192 invoco,

152 2218 188 2284 Et
208 2232 263 2302 te,
279 2240 455 2294 coruscum
476 2215 557 2286 lucis
575 2215 718 2285 aetberiae
735 2217 848 2308 jubar,

32 2429 33 2482 l
117 2449 135 2488 te
148 2438 223 2490 tolum
242 2435 399 2492 auditurum
412 2457 482 2504 esse,
496 2458 607 2510 respon·
652 2441 785 2506 carmine,
799 2439 873 2510 quod
886 2459 970 2512 prope
988 2441 1104 2494 moriens
1118 2459 1162 2492 ex·

116 2512 166 2579 deo,
179 2536 288 2570 uxorem
301 2515 430 2587 'pudieam
451 2519 545 2572 timere
561 2537 608 2570 eu·
652 2519 769 2572 halavit:
787 2545 798 2565 ·
807 2518 891 2584 Qu'ils
902 2533 1021 2573 meurent
1031 2521 1117 2590 pleins
1129 2518 1162 2572 de

115 2613 147 2647 res
156 2597 285 2668 conjugis,
304 2597 444 2662 velsolas,
461 2597 608 2652 velsinul·
650 2600 724 2668 jours
746 2619 751 2649 :
771 2618 815 2671 que
840 2600 891 2650 leur
912 2611 975 2650 mort
996 2602 1163 2669 soitpleure'e;

32 2663 33 2726 l
115 2673 263 2729 lusedluerit
276 2676 384 2730 arbiter.
396 2703 407 2722 ι
426 2677 510 2730 Gron.
530 2688 607 2748 putat
653 2676 742 2742 Qu'un
755 2679 807 2730 ami
821 2679 880 2742 leur
900 2678 982 2731 ierme
1001 2678 1038 2731 les
1055 2698 1132 2750 yeux.
1148 2705 1158 2724 ·

32 2765 33 2768 ’
113 2755 239 2820 solordiei,
258 2757 385 2827 quoniam
400 2757 495 2810 mulier
510 2754 607 2828 pudica
693 2759 759 2812 882.
781 2759 886 2827 Pergit,
905 2776 1007 2828 nempe
1033 2757 1162 2818 Phaedm

113 2847 145 2888 tut
155 2855 212 2888 raro
226 2848 271 2888 aut
290 2854 427 2906 nunquam
442 2856 503 2889 cum
520 2836 607 2888 alieno
651 2855 730 2908 quem
740 2837 791 2890 boe
799 2851 872 2890 eset
880 2856 978 2908 sqmon
987 2839 1039 2906 jem
1049 2838 1162 2906 compel-

114 2912 159 2964 riro
170 2932 317 2968 sermonem
334 2915 431 2981 sorim
452 2917 494 2968 vel
508 2915 606 2969 intelli·
651 2916 821 2968 lut'l'beseut.
833 2948 871 2958 -
884 2918 954 2968 Anus
965 2916 1092 2987 altrixque.
1101 2917 1161 2968 Duo

32 3017 33 3028 π
113 2992 607 3065 gendumilludsolus‚tomquum,ma·
651 2994 761 3048 nomina
778 2993 895 3048 indicunt
911 3013 991 3047 unum
1003 3012 1160 3065 personum

32 3063 33 3112 ἶ
113 3075 175 3132 rime,
189 3087 244 3125 ante
254 3093 333 3125 omnes
346 3075 417 3128 alias.
429 3074 535 3128 Arridet
551 3093 605 3126 me·
651 3093 700 3128 nec
714 3093 772 3127 rara
783 3087 846 3126 sunt
858 3074 996 3144 exempla,
1006 3074 1103 3145 quibus
1114 3093 1161 3144 per

113 3149 152 3203 lior
163 3153 235 3224 prior
253 3154 446 3224 interpretatio.
651 3167 674 3205 et
687 3171 716 3206 ea
733 3153 940 3224 distinguuntur,
950 3173 1063 3224 quornm
1075 3173 1160 3206 unum

144 3233 204 3300 876.
218 3233 313 3284 Primus
326 3234 385 3296 sile,
397 3232 554 3304 generaliter
567 3230 606 3284 di·
650 3233 763 3286 includit
773 3235 894 3286 alterum.
907 3231 1063 3286 -videad
1076 3245 1160 3285 totum

32 3315 33 3328 ¹
114 3323 201 3376 rtum‚·
211 3324 316 3382 oportet
325 3312 412 3383 quivis
422 3313 494 3365 sileat
504 3312 606 3384 primus
649 3313 678 3365 b.
693 3313 710 3364 l.
723 3311 864 3366 Animadv.
879 3325 905 3364 et
920 3311 1051 3384 precipue
1068 3312 1161 3365 Botbei

32 3395 33 3402 ’
113 3391 173 3459 quod
188 3391 269 3455 volet,
283 3403 334 3444 etc.
347 3417 359 3440 ι
651 3404 785 3446 tentamen
798 3393 825 3444 in
841 3411 918 3455 anus,
934 3391 977 3444 cui
991 3391 1085 3444 irustru
1100 3393 1163 3444 sub·

32 3463 33 3512 Ῐ
144 3474 205 3539 878.
229 3470 296 3522 Mori
320 3473 419 3524 volenti.
443 3469 513 3522 Vide
543 3472 607 3525 Stat.
651 3471 771 3524 stitutum
789 3471 851 3524 velit
864 3491 931 3541 opus.

32 3611 33 3616 Ἰ
112 3547 185 3602 Theb.
193 3549 239 3602 lib.
249 3549 284 3613 V,
293 3569 333 3603 vs.
344 3550 409 3603 623.
423 3550 508 3603 Finit.
693 3551 758 3614 884.
777 3551 879 3603 Wacite.
896 3549 1085 3620 comprimite,
1101 3551 1160 3602 vin·

144 3631 203 3698 879.
215 3630 350 3690 Delictum,
364 3649 441 3700 supp.
459 3643 546 3684 tuum.
654 3629 703 3684 ctis
715 3644 836 3697 onerate;
849 3649 863 3682 a
874 3631 979 3692 vincire,
993 3632 1081 3681 nuncio.

32 3713 34 3734 ³
144 3710 202 3762 880.
216 3709 293 3779 Quod
309 3708 423 3772 plomb.
442 3728 465 3761 e.
480 3708 607 3764 delictum
695 3709 1165 3780 885.lpsa‚ego‚necnutricissup·-

32 3845 33 3864 Χ
114 3803 202 3850 meum,
213 3789 265 3840 vita
282 3788 369 3842 adbuc
387 3788 448 3842 lrui.
653 3789 762 3862 plicium
779 3807 861 3858 passa.
879 3820 918 3830 --
935 3788 1022 3852 Mune,
1046 3801 1165 3859 exspecto

32 3897 33 3902 =
145 3869 205 3920 881.
225 3867 294 3920 Mors
312 3872 468 3939 optinuere,
486 3880 536 3922 etc.
552 3868 608 3922 Hoc
652 3869 806 3940 paululum,
820 3869 940 3920 furorem
957 3868 1030 3920 bunc
1046 3867 1115 3919 sedo.

114 3946 170 3996 enim
181 3947 313 4000 eharitatis
323 3961 510 4018 argumentum
523 3967 530 3998 t
544 3949 606 4002 sicci
694 3950 760 4018 887.
776 3947 851 4002 Geru‘s
863 3948 941 3999 subito
950 3959 1053 4000 coortus.
1061 3946 1166 4011 Quibus

32 4025 33 4072 l
115 4037 185 4077 tutem
207 4027 276 4078 oculi
296 4027 324 4079 in
346 4027 439 4080 sunere
455 4026 546 4080 odium
565 4047 607 4080 or·
652 4028 740 4080 subito
752 4028 885 4099 palpebre
899 4025 1053 4078 madebunt.

115 4118 192 4168 guuut.
212 4106 312 4158 Eodem
331 4125 407 4160 sensu
431 4120 532 4161 nostras
550 4107 607 4161 Gil·
695 4109 760 4162 888.
777 4109 870 4160 Testem
882 4111 1031 4163 invoco,me
1040 4103 1165 4172 precibus

116 4179 171 4246 brt,
189 4185 214 4236 in
236 4187 345 4239 funereo
367 4197 393 4238 et
414 4186 486 4256 quasi
507 4205 607 4258 cycneo
653 4199 778 4240 tentatum
797 4186 932 4240 restitisse.
948 4182 1126 4250 111f.vs.891.

868 4269 1022 4360 ‚5³
