3042 5190
382 503 427 574 28
670 507 709 574 L.
736 503 913 576 ANNAEI
938 507 1151 578 SENECAE

429 626 507 722 Egit
528 640 736 710 armentum,
755 627 929 722 positoque
947 626 1076 722 plectro

428 739 552 832 lmpari
569 752 681 807 tauros
700 736 827 814 calamo
846 738 986 810 vocavit

429 846 545 916 Induit
563 846 687 916 formas
705 848 835 940 quoties
851 848 998 918 minores

427 959 519 1049 lpse,
540 957 597 1050 qui
616 955 731 1026 caelum
753 956 958 1052 nebulasque
975 957 1089 1028 ducit?

428 1064 597 1135 Candidas
615 1065 683 1136 ales
699 1066 801 1136 modo
818 1068 925 1137 movit
942 1065 1030 1152 alas,

428 1173 571 1246 Dulcior
586 1201 702 1246 vocem
720 1177 883 1246 moriente
903 1201 1018 1272 cycno.

429 1289 552 1355 Fronte
571 1311 660 1355 nunc
677 1302 771 1356 torva
788 1285 941 1381 petulans
955 1287 1118 1380 juvencus

429 1397 605 1492 Virginum
626 1398 743 1466 stravit
763 1422 823 1466 sua
845 1411 938 1492 terga
958 1395 1051 1480 ludo,

428 1509 558 1601 Perque
577 1505 756 1594 fraternos,
774 1531 859 1576 nova
879 1521 998 1600 regna,
1020 1505 1160 1588 flnctus,

427 1614 564 1711 Ungula
582 1614 687 1686 lentos
706 1616 855 1686 imitante
874 1641 1000 1698 remos,

428 1726 565 1795 Pectore
581 1727 718 1796 adverso
735 1726 867 1795 domuit
887 1723 1113 1820 profundum,

427 1837 494 1904 Pro
512 1860 571 1906 sua
585 1851 697 1906 vector
715 1836 849 1906 timidus
865 1837 992 1930 rapina.

428 1947 519 2016 Arsit
540 1947 673 2016 obscuri
694 1951 768 2018 Dea
787 1944 875 2016 clara
896 1943 1013 2015 mundi

429 2057 537 2126 Nocte
554 2056 702 2142 deserta,
721 2055 909 2150 nitidosque
926 2053 1022 2124 fratri
1405 2071 1441 2110 ³¹⁰

382 2238 478 2296 posset.
491 2227 542 2280 Atti
554 2222 892 2294 conne,eumdemdivini·
936 2225 964 2278 ni
978 2224 1105 2286 fallimur,
1126 2239 1176 2276 nec
1196 2218 1270 2293 quod
1282 2219 1377 2272 reterri
1397 2217 1442 2272 de·

381 2303 463 2359 nitate
472 2324 487 2359 a
496 2306 565 2360 Jove
576 2319 684 2360 exutum
697 2307 807 2374 solunt,
828 2325 892 2379 pro·
935 2303 1037 2359 bestsd
1050 2302 1220 2370 torsasmnt03
1232 2301 1290 2354 scil.
1301 2311 1441 2354 consono:

382 2395 442 2454 pter
452 2384 603 2439 interlectos
617 2386 757 2458 Cyclopas.
934 2406 946 2429 ·
954 2385 1090 2456 juvencus,
1095 2383 1209 2436 frontem
1221 2381 1321 2434 babens
1329 2393 1442 2444 torvam,

425 2463 491 2532 298.
504 2465 604 2536 Imperi.
620 2465 776 2536 Disperibus
786 2483 893 2536 comps·
935 2475 962 2518 et
975 2462 1103 2535 petolans.
1117 2487 1128 2510 ι

384 2553 426 2595 cta
438 2541 545 2596 calamis
558 2543 701 2597 600110.-
712 2545 829 2607 Vocant,
845 2562 893 2616 ps·
977 2541 1041 2607 304.
1052 2543 1180 2613 Virginem
1192 2542 1293 2606 stravit,
1307 2550 1358 2591 ete.
1372 2537 1443 2592 stra·

382 2622 477 2674 storale
492 2621 544 2675 boc
563 2624 623 2676 loco
644 2623 776 2687 verbum
796 2624 893 2676 ducere
935 2621 988 2689 sit,
1008 2622 1128 2676 submisit
1142 2639 1187 2674 sua
1200 2633 1286 2691 terge,
1297 2631 1327 2672 ut
1340 2619 1444 2690 prabe-

383 2718 450 2752 sono
458 2699 570 2770 fistule,
581 2721 626 2756 seo
637 2699 671 2756 sd
681 2721 793 2775 pecua,
805 2701 892 2756 seond
934 2715 975 2756 ret
985 2700 1062 2756 ludos
1075 2699 1232 2772 virginibus.

381 2779 493 2834 stabula.
976 2779 1039 2836 305.
1059 2781 1129 2834 Nora
1148 2798 1238 2850 regns,
1255 2778 1301 2831 uhi
1315 2791 1374 2832 turn
1389 2775 1444 2848 pri·

426 2878 490 2928 ²99·
502 2859 622 2928 Minores,
630 2860 738 2915 viliores
747 2879 826 2934 qnam
837 2862 892 2916 lor·
935 2880 1008 2914 snum
1015 2861 1058 2932 jus
1071 2859 1220 2913 exeroebst.

380 2947 425 2993 'ma
443 2941 574 3011 Apollinis
590 2942 618 2996 in
634 2954 767 3014 pastorem
785 2943 886 2996 mutati.
975 2941 1149 3004 sostenes,
1165 2937 1290 3001 mobiles,
1303 2934 1444 2990 flexibiles.

425 3019 485 3074 300.
507 3022 577 3091 Ipse,
596 3020 717 3093 Jupiter3
738 3040 817 3092 quem
838 3022 891 3074 hoc
976 3020 1038 3074 308,
1055 3020 1107 3072 Pm
1119 3030 1162 3071 stsa
1175 3021 1338 3088 rapinc,pro
1356 3017 1445 3070 Euro-

382 3099 506 3168 potentin
520 3100 593 3170 signo
602 3102 699 3171 sepius
712 3101 828 3171 designat
837 3101 892 3154 Ho-
934 3118 984 3170 ps,
995 3099 1048 3152 lilia
1062 3096 1209 3169 Agenoris,
1222 3114 1301 3169 quem
1313 3114 1328 3148 e
1340 3095 1447 3152 Pbseoi·

382 3193 488 3244 meros,
503 3191 533 3232 ut
548 3180 633 3234 nubes
650 3193 727 3250 cogat
743 3178 891 3253 ducetque,
934 3179 974 3234 cia
988 3179 1015 3232 in
1030 3178 1136 3232 Cretam
1151 3176 1249 3248 rapuit.
1264 3205 1303 3218 -·
1317 3175 1446 3240 Timidus,

382 3245 498 3322 Itisd.1,‘
512 3258 579 3328 397,
596 3258 665 3326 560,
678 3272 730 3312 etc.
934 3257 989 3314 scil.
1000 3275 1034 3310 ne
1043 3267 1253 3328 mergeretumet
1263 3272 1361 3326 nempe
1374 3273 1447 3308 nora

424 3337 488 3389 301.
499 3337 570 3391 Ales.
582 3338 688 3404 Quum,
699 3337 788 3408 specie
798 3337 875 3409 cycni
882 3375 891 3406 ,
933 3349 1024 3406 erent,
1033 3355 1128 3409 perum
1142 3334 1192 3408 ipsi
1201 3347 1342 3402 consueta,
1351 3353 1447 3406 regna.

381 3411 476 3470 adierit
488 3415 586 3470 Ledam
599 3436 707 3472 uxorem
719 3417 839 3489 Tyndari
848 3437 890 3472 re·
975 3419 1039 3488 309.
1056 3417 1159 3470 Obscurs'
1173 3415 1228 3466 Dea
1248 3414 1338 3467 aaut
1360 3415 1447 3468 Diana

381 3493 562 3564 gisLatonie.
933 3516 991 3570 qum
1004 3495 1117 3561 illustret
1135 3495 1243 3560 orbem,
1264 3492 1333 3546 dum
1348 3493 1449 3548 obscu-

423 3573 488 3628 302.
499 3575 600 3628 Dulcior
610 3595 690 3630 nocem
699 3615 707 3643 ,
716 3575 788 3631 dulc.
799 3595 891 3630 secun·
933 3596 992 3630 rum
1006 3576 1068 3630 lacit
1083 3574 1145 3629 solis
1158 3563 1284 3628 abscistia.

382 3651 446 3708 dum
456 3671 558 3710 vocem.
567 3657 732 3710 -Mors'ente
742 3677 823 3729 qens.
836 3656 890 3728 Cy·
975 3657 1038 3710 310.
1050 3655 1129 3710 Nocte
1141 3653 1242 3707 deserta.
1254 3651 1349 3706 Noctis
1359 3653 1449 3722 impe·

381 3751 516 3788 cuoscum
535 3735 672 3806 voluptate
683 3749 710 3790 et
724 3749 801 3790 cantu
821 3736 889 3789 mori
932 3735 991 3801 rio,
1003 3754 1114 3790 munere
1127 3730 1387 3788 noctisillustrandae
1400 3731 1448 3784 de-

380 3813 890 3886 negassentorisjodteiisocratennee
933 3828 1015 3870 serto.
1029 3844 1068 3856 -
1085 3815 1209 3876 Nlts'dos5
1229 3825 1255 3866 ct
1275 3825 1303 3865 ut
1324 3813 1449 3865 solemne

380 3891 430 3946 uisi
441 3891 513 3964 apud
524 3895 890 3967 poetas,utiquidemluben-
933 3895 1021 3966 poetis
1042 3907 1096 3958 est,
1117 3905 1263 3964 argenteos.
1284 3921 1323 3934 -
1341 3891 1449 3956 Fratri,

379 3975 477 4028 tissime
489 3990 537 4026 nos
551 3974 676 4042 facimus,
688 3974 741 4028 tale
752 3993 889 4029 commen·
933 3974 1197 4036 uteba-Arne,-
1210 3969 1307 4026 alludit
1319 3969 1354 4024 ad
1367 3971 1450 4024 dissi·

380 4066 437 4108 torn
452 4053 511 4109 licet
522 4054 669 4108 admittere.
856 4111 860 4120 .
932 4052 1109 4108 militudinem
1122 4051 1257 4124 utriusque
1268 4069 1375 4117 cursus,
1386 4051 1452 4106 solis

420 4135 484 4190 303.
497 4135 627 4201 Potulana,
642 4134 761 4188 absolute
772 4131 888 4198 dictum,
932 4146 959 4188 et
970 4135 1047 4186 tuna.
