3042 5190
371 489 414 561 16
660 491 700 557 L.
728 489 904 560 ANNAEI
930 490 1145 562 SENECAE

414 615 484 703 Qui
500 611 704 682 blandiendo
723 609 821 681 dulce
837 611 981 682 nutrivit
1001 612 1146 702 malum,

414 731 497 796 Sero
521 737 651 792 recusat
672 723 777 808 ferre,
798 722 890 816 quod
910 722 1034 809 subiit,
1058 724 1190 817 jugum.
1402 749 1439 785 nr

414 841 485 908 Nec
507 861 560 904 me
577 833 683 928 fugit,
702 856 803 928 quam
826 832 952 918 durus,
971 847 1003 902 ct
1023 835 1092 903 veri
1112 833 1273 916 insolens,

415 948 468 1020 td
485 962 573 1016 recta
593 945 681 1014 flecti
700 944 811 1038 regius
833 942 919 1012 nolit
943 958 1065 1014 tumor.

416 1059 673 1149 Quemcumque
690 1048 821 1124 dederit
838 1054 965 1123 exitum
981 1061 1093 1144 casus,
1107 1055 1222 1125 seram.

417 1171 552 1235 Fortem
570 1165 649 1235 facit
669 1165 778 1234 vicina
793 1163 928 1234 libertas
947 1189 1071 1234 senem.

418 1277 562 1347 Obstare
580 1277 726 1370 primum
746 1288 798 1343 est
814 1272 919 1361 velle,
937 1299 998 1344 nec
1016 1274 1083 1345 tabi
1105 1277 1177 1346 via:
1401 1303 1439 1345 :n

417 1388 535 1460 Pudor
550 1401 601 1456 est
614 1385 797 1472 secundus,
822 1411 919 1454 nosse
936 1387 1095 1480 peccandi
1114 1387 1261 1457 modum.

416 1501 516 1588 Quo,
532 1497 668 1584 misem,
684 1493 817 1590 pergis?
831 1494 913 1590 quid
928 1495 1066 1566 domurn
1081 1497 1238 1566 infamem
1254 1519 1439 1594 aggravas,

417 1613 628 1704 superasque
642 1607 809 1676 matrem?
826 1605 933 1699 majus
947 1622 998 1675 est
1015 1623 1166 1678 monstro
1185 1607 1286 1678 nefas.

416 1719 504 1791 Natu
525 1731 673 1788 monstra
692 1716 777 1803 fato,
799 1716 949 1787 moribus
971 1717 1094 1788 scelera
1111 1719 1267 1814 imputes.

374 1934 385 1957 ·
398 1909 462 1962 Pare
473 1904 607 1970 renitutir,
618 1904 686 1958 velle
697 1904 784 1958 caneri
791 1905 854 1972 sur't.
867 1929 878 1953 ι
927 1923 987 1962 rere
994 1903 1074 1960 debet
1085 1907 1227 1974 enitem‚in
1239 1905 1356 1962 secundo
1364 1903 1441 1974 loco,

414 1982 796 2050 134.B!cndiendo,huicduloi
803 1983 881 2039 malo.
927 1986 952 2039 is
968 2003 1112 2058 perquem
1126 1987 1262 2052 novimus,
1278 1988 1443 2041 eto-Mo·

414 2066 479 2120 135.
492 2063 559 2118 Sero.
570 2063 656 2117 Intell.
667 2083 723 2117 uon
733 2065 819 2117 solum
833 2076 884 2115 tar·
926 2065 983 2118 dtur·
991 2067 1116 2137 peccandi.
1134 2067 1216 2132 Quasi
1228 2063 1344 2133 diceret,
1358 2085 1440 2137 «gru-

371 2147 416 2212 ἀ,
427 2143 473 2200 ted
488 2148 559 2198 nimir
575 2143 689 2198 tardari.
699 2162 730 2213 ¹e.
746 2156 829 2198 tentat
843 2145 885 2197 ni·
926 2143 992 2198 dum
1005 2145 1148 2218 quemdum
1159 2145 1270 2219 pudoris
1282 2147 1310 2200 in
1321 2146 1443 2218 impudi-

371 2227 421 2281 mir
443 2241 501 2278 sero
519 2241 642 2278 recusare
660 2226 762 2294 jugum.
779 2224 883 2277 Auctor
926 2226 996 2278 citio.
1007 2252 1017 2271 ι
1029 2225 1107 2279 Forte
1114 2227 1142 2278 in
1150 2227 1338 2280 enimohttbuit
1347 2227 1440 2281 iocum

370 2305 506 2360 sententia
521 2304 673 2368 Lucretius,
685 2304 736 2370 IV,
750 2304 821 2374 1137
834 2322 842 2370 ς
856 2317 883 2356 et
927 2305 1068 2377 Propertii,
1081 2306 1136 2372 ΙΙΙ,
1149 2325 1231 2371 xvttt,
1245 2305 1277 2358 3:
1292 2309 1378 2370 uvoe,
1391 2309 1442 2361 ubi

371 2386 493 2459 apprime
508 2385 571 2436 citat
583 2381 672 2436 Baden
677 2410 766 2436 .....
782 2395 812 2436 ut
827 2401 883 2435 me·
926 2385 1071 2455 contempti
1086 2385 1195 2456 rupistis
1211 2387 1291 2440 fretra
1308 2385 1441 2459 pudoris,

370 2468 422 2520 lius
436 2464 547 2537 vigilare
560 2461 594 2516 rit
609 2475 881 2532 rute...cerereque‚
927 2463 1040 2518 Nescitis
1053 2477 1134 2536 captu
1154 2467 1251 2520 mentis
1265 2467 1362 2520 hebere
1377 2485 1443 2520 rno-

370 2565 405 2600 ne
423 2543 602 2616 inlaqueerir:
625 2543 693 2595 Nam
713 2542 810 2608 vitare,
829 2543 883 2614 pta·
926 2541 999 2596 dum.
1012 2569 1023 2590 ι
1039 2543 1102 2610 Quo
1116 2544 1196 2598 etiem
1211 2543 1442 2619 respexirrevide-

370 2645 415 2698 gur
426 2626 453 2678 iu
465 2623 561 2677 umoris
574 2641 609 2675 ne
618 2622 764 2687 lechmnr,
774 2621 834 2675 Nou
846 2622 883 2674 ita
926 2635 972 2676 tur
985 2623 1001 2675 J
1005 2623 1138 2691 nvenelie,
1153 2625 1235 2692 xm,
1247 2647 1272 2680 v.
1290 2633 1344 2690 ²4⁰
1357 2643 1441 2680 τι...

369 2705 481 2759 difficile
498 2715 550 2765 ert,
567 2720 645 2774 quom
661 2713 768 2771 ruptum
781 2701 882 2755 retibus
926 2721 988 2756 num
1011 2704 1072 2775 quir
1093 2704 1224 2759 Peccandi
1243 2706 1325 2760 finem
1347 2709 1442 2776 posuit

368 2787 432 2858 ipsis
445 2783 537 2847 Exire,
548 2795 575 2836 et
586 2780 811 2836 validocVeuerie
822 2801 882 2855 per·
925 2782 999 2836 ribi?
1012 2783 1120 2856 quando
1137 2786 1238 2856 recepit
1254 2787 1375 2858 Ejectum
1396 2805 1441 2840 ee·

369 2883 496 2936 rumpere
508 2861 600 2916 nodet.
612 2887 624 2907 ι
925 2864 978 2917 mel
991 2863 1088 2918 adtrita
1105 2861 1139 2916 de
1151 2864 1240 2920 fronte
1254 2867 1380 2919 ruborem
1393 2865 1408 2920 P
1425 2893 1437 2915 ·

415 2946 469 2998 136
480 2961 517 3012 eq.
529 2943 582 2997 Nec
593 2943 714 3011 mesogit,
730 2941 880 2995 etnTotum
904 3003 908 3016 .
969 2952 1032 3009 ιω.
1055 2945 1111 3014 Quo
1125 2948 1227 3010 mirem,
1239 2957 1290 3000 etc.
1307 2945 1442 3014 insaniem,

369 3025 423 3078 hoc
431 3022 565 3095 intellige:
575 3021 650 3076 ·Nec
660 3039 702 3074 me
710 3021 881 3093 inpinquato
925 3035 976 3078 etc.
993 3023 1055 3077 Huc
1068 3022 1179 3095 quidem
1196 3039 1259 3078 runt
1277 3043 1394 3096 megum.
1409 3041 1442 3082 ut

369 3117 460 3158 tumor
490 3103 594 3172 regius,
623 3100 745 3172 superbie
767 3119 880 3173 regum,
923 3101 1442 3176 proieuueet,ve.t39‚libertutir.Apud

368 3185 607 3248 retineremur,
626 3179 697 3234 flecti
708 3179 743 3234 ud
757 3193 838 3244 recte,
849 3196 881 3236 nt
923 3181 1081 3254 Euripidem
1092 3195 1200 3249 contre,
1214 3186 1260 3240 vix
1273 3184 1382 3238 rationi·
1394 3207 1442 3242 re·

368 3277 421 3330 ert,
443 3261 526 3314 durus
536 3274 562 3313 et
576 3261 707 3326 incolens,
719 3279 805 3314 ruram
818 3279 881 3314 eou-
924 3263 1013 3334 otique
1032 3278 1121 3333 partes
1134 3264 1244 3318 sustinet
1262 3265 1373 3330 nutrix,
1390 3267 1441 3322 red

368 3341 536 3398 suetudinem
546 3339 710 3393 hebenum·
722 3338 858 3394 audiendi.
924 3341 1057 3395 labentem
1073 3343 1171 3414 regium
1184 3344 1302 3398 animum
1317 3345 1344 3398 in
1359 3343 1443 3400 dete-

411 3419 813 3492 138.Feram‚totenbo,rupp.
826 3421 881 3474 exi·
923 3422 993 3488 rius,
1007 3440 1055 3494 per
1069 3421 1217 3476 udulrtorie
1228 3443 1381 3478 sermonum
1400 3428 1443 3480 le·

368 3516 439 3569 tum,
455 3501 656 3574 qualiscumque
664 3500 706 3551 eit.
922 3502 1027 3556 uocinir
1036 3541 1044 3566 ‚
1054 3502 1181 3574 impellit,
1191 3503 1301 3576 Hippoi.
1313 3525 1349 3558 ve.
1363 3505 1443 3577 346,

411 3582 474 3651 ¹³9·
484 3581 582 3634 Fortem
587 3580 668 3648 sarit,
683 3589 734 3633 ete.
745 3576 880 3632 Sententia
923 3601 963 3654 eq.
974 3613 1013 3626 -
1024 3582 1129 3634 Domum
1141 3584 1261 3649 infamem.
1276 3585 1315 3639 Ut
1327 3612 1338 3633 ·
1350 3585 1444 3642 Dnnri

274 3675 276 3682 ’
366 3659 611 3735 generaliterdictu.
624 3658 878 3712 -Vtetmtttmae
923 3681 1005 3732 genus
1013 3663 1150 3724 insnum,-
1167 3664 1258 3718 Horat.
1266 3664 1318 3719 Od.
1326 3666 1444 3736 11‚x1v‚

368 3744 436 3811 Qun
448 3743 513 3796 itta?
525 3759 604 3794 more.
927 3743 1177 3813 18.-Aggrarar‚
1190 3745 1304 3815 graviori
1320 3744 1444 3802 dedeco-

411 3829 472 3886 rto.
496 3822 601 3876 Obstare
622 3821 726 3892 prunum
749 3831 785 3870 est
806 3818 877 3872 uelle.
923 3819 1089 3891 rispoudere
1102 3841 1203 3876 onem.

365 3905 454 3958 Primo
463 3920 505 3954 res
514 3912 566 3966 ert,
574 3899 878 3963 relleobttrre.-Vt'a,
968 3901 1031 3966 143.
1045 3901 1127 3971 Major
1138 3915 1174 3954 ert
1184 3916 1289 3956 monstro
1303 3905 1380 3971 neser.
1392 3908 1444 3960 In.

367 4003 402 4038 re.
416 3995 497 4037 recte.
923 3992 1007 4032 certus
1020 3980 1064 4033 hic
1079 3999 1154 4034 umor
1166 3995 1226 4035 tuuc
1239 3986 1323 4056 major
1335 3997 1373 4037 ert
1382 3985 1445 4040 bei-

410 4071 474 4126 rtr.
485 4060 572 4115 Pudor
582 4073 616 4111 est
627 4061 754 4125 secundus,
766 4072 815 4112 etc.
828 4059 879 4112 De·
923 4060 996 4112 luiuo
1008 4059 1055 4113 illo
1067 4062 1157 4114 metris
1168 4074 1228 4115 tun.

367 4142 471 4196 ficiente
480 4141 568 4214 primo
578 4139 687 4212 pudoris
695 4153 764 4202 actu,
772 4157 879 4192 euccur·
967 4146 1031 4204 144.
1045 4141 1109 4196 Nam
1127 4153 1231 4194 monstra
1238 4144 1307 4209 sato.
1319 4143 1446 4199 Gener..
