3116 5172
361 509 431 584 538
475 515 662 586 ΙΜΙΤΑΤ.
690 515 898 586 FABULAE
924 515 1339 586 AGAMEMNONI&

359 636 562 706 cherrimum
589 636 694 706 edidit
712 638 971 731 Agamemnonis
993 636 1125 719 drama;
1149 637 1183 704 in
1208 661 1276 731 quo
1300 637 1429 708 tracias

360 750 442 846 quid
464 749 645 844 plurimum
673 751 823 838 mireris,
845 752 1028 822 actionisne
1046 747 1309 845 simplicitatem,
1323 777 1429 846 qurum

360 879 505 961 quatuor
519 862 729 935 solummodo
748 865 949 938 inducantur
969 889 1119 960 personae
1130 863 1203 962 (r),
1216 889 1258 934 an
1275 861 1431 935 constan·

361 995 428 1050 tem
450 980 608 1050 carminis
626 978 950 1076 grandiloquentiam
968 1005 976 1050 ι
992 1004 1053 1050 nec
1068 980 1139 1048 sine
1154 981 1247 1076 gravi
1264 979 1431 1050 desiderio

362 1095 496 1178 notavi,
513 1095 592 1164 hinc
610 1093 778 1164 exclusam
805 1094 905 1164 fuisse
929 1093 1170 1179 Cassandram,
1198 1094 1296 1188 cujus
1321 1109 1434 1188 partes

363 1225 563 1304 argumento
582 1211 774 1280 necessaria
797 1208 947 1280 Italicam
969 1209 1098 1304 poesim
1119 1209 1247 1304 tragico
1269 1209 1431 1278 instinctu

363 1337 397 1392 et
418 1325 450 1392 vi
477 1322 620 1418 quadam
649 1323 785 1394 fatidica
810 1324 959 1393 afflatam
986 1323 1028 1392 ad
1051 1320 1246 1392 sublimiora
1271 1321 1433 1394 extollere

364 1437 563 1532 potuissent,
578 1441 611 1508 Is
633 1437 696 1508 fuit
717 1439 885 1534 praecipuo
898 1435 1004 1508 Italus
1020 1451 1148 1524 auctor,
1164 1459 1265 1532 quem
1281 1439 1431 1508 imitatus

364 1568 413 1622 est
436 1567 566 1622 nostras
588 1551 663 1640 ille,
690 1579 792 1648 quern
812 1553 891 1623 satis
919 1551 1053 1622 laudare
1077 1576 1146 1621 non
1171 1575 1325 1648 possum,
1341 1547 1430 1650 Ne'p.

362 1671 576 1754 Lemcrcier3
591 1693 650 1738 nec
664 1670 809 1763 pretium
828 1668 932 1737 deerit
948 1693 1057 1763 operae
1072 1665 1312 1762 legentis,quae
1326 1693 1431 1763 nuper

364 1785 404 1852 C.
420 1787 455 1851 B.
478 1787 607 1853 Patitor
614 1837 625 1870 ,
652 1781 693 1852 de
712 1785 785 1880 ipsa
806 1781 883 1854 Itali
906 1781 1087 1880 tragoedia,
1111 1795 1144 1852 et
1164 1781 1205 1852 de
1227 1779 1349 1878 gallico
1372 1808 1432 1853 au·

297 1921 307 1928 ·
365 1909 456 1965 ctore
469 1893 545 1994 (a),
563 1897 781 1968 adnotaverit.

413 2011 663 2096 Imitationum,
681 2037 764 2108 quas
781 2013 985 2100 indicamus,
999 2010 1132 2082 claudat
1149 2010 1204 2081 hie
1217 2011 1336 2080 seriem
1347 2009 1434 2080 facta

366 2127 492 2195 mentio
502 2129 775 2222 Agamemnonis,
785 2152 884 2223 quem
899 2128 1063 2198 scribebat
1075 2125 1202 2222 Anglus
1214 2125 1435 2222 Thompson,

366 2263 396 2309 a.
411 2241 503 2336 1748
513 2255 682 2330 mortuus,
700 2241 812 2312 multis
825 2242 1028 2312 carminibus
1037 2257 1074 2336 et
1082 2240 1216 2311 sublimi
1231 2239 1437 2334 poematede

368 2368 513 2448 quatuor
529 2355 608 2424 anni
628 2355 909 2454 Tempestatibus
924 2355 1102 2454 insignior;
1118 2357 1228 2450 inqua
1240 2353 1377 2450 quidem
1388 2354 1437 2423 fa·

367 2465 458 2552 bula,
467 2483 505 2536 ut
511 2483 559 2536 est
573 2471 740 2564 sapienter
749 2485 783 2539 at
792 2485 880 2540 recte
890 2467 1059 2565 disposita,
1069 2483 1187 2565 praeter
1197 2468 1332 2564 Anglici
1344 2469 1439 2564 inge·

366 2581 413 2650 nii
428 2606 566 2669 morem,
578 2583 624 2651 ita
635 2583 841 2655 desideratur
852 2599 885 2654 et
895 2586 945 2654 vis
958 2586 1082 2680 tragica
1095 2599 1130 2655 et
1142 2599 1241 2654 aestus
1260 2583 1438 2653 fervidior.

366 2694 614 2789 Clytaemnestra
635 2694 776 2784 scilicet,
795 2698 1018 2768 facinorosam
1037 2713 1140 2768 exuta
1162 2695 1304 2767 indolem
1327 2721 1437 2791 quam

367 2811 408 2879 ab
423 2810 576 2906 AEschylo
592 2813 720 2907 accepit
736 2827 771 2882 et
784 2815 924 2902 Seneca,
938 2813 1055 2883 labans
1068 2816 1181 2882 animo
1197 2811 1387 2898 inducitur3
1402 2826 1438 2881 et

365 2939 434 2995 tam
454 2925 586 2996 acribus
611 2927 776 3022 exagitata
801 2927 1010 2998 eonscientiae
1033 2925 1197 3013 stimulis,
1225 2941 1264 2996 ut
1285 2925 1437 3020 AEgistlro

365 3041 554 3130 obnitatur,
573 3041 696 3112 nedum
712 3043 824 3111 veniat
842 3042 876 3110 in
898 3058 1026 3137 partem
1047 3039 1189 3111 sceleris.
1215 3039 1320 3110 Plura
1336 3055 1437 3108 carte·

365 3180 439 3223 rum
461 3157 606 3251 reperias
633 3157 834 3226 sententiose
859 3172 894 3226 et
918 3156 1148 3252 philosophice
1173 3153 1379 3242 declamata,
1399 3171 1441 3224 ut

365 3284 413 3338 est
430 3269 617 3366 Anglorum
633 3286 667 3341 et
685 3273 851 3367 praecipue
867 3273 971 3367 ipsius
988 3273 1223 3368 Thompsonis.

414 3387 454 3452 ln
477 3383 611 3478 gallicos
630 3411 742 3456 versus
765 3385 924 3457 translata
946 3387 1009 3456 fuit
1029 3387 1144 3458 eadem
1164 3388 1234 3457 haec
1256 3386 1442 3482 tragoedia,

366 3511 505 3591 actaque
522 3500 675 3588 Parisiis,
695 3525 784 3570 anno
813 3499 908 3596 ¹78⁰·

401 3664 439 3730 (r)
457 3669 639 3730 Agamemno,
652 3668 849 3734 clytemnestra,
861 3667 1000 3732 Egiathoa,
1013 3668 1117 3718 aloem.

401 3753 440 3820 (a)
465 3757 577 3805 OEurrea
601 3756 762 3823 dramatiquea
789 3758 823 3807 do
845 3769 925 3808 comta
945 3755 1046 3822 Alfieri,
1076 3755 1195 3806 traduitea
1217 3757 1248 3806 de
1273 3756 1379 3808 l'italieo
1396 3773 1448 3822 par

367 3847 395 3895 c.
406 3847 432 3894 B.
445 3847 550 3907 Peritos,
565 3858 624 3897 tom.
634 3849 678 3908 11,
696 3865 721 3912 p.
738 3849 762 3897 8.
1266 3855 1269 3860 ’

627 4073 629 4080 Ι
705 4027 1093 4062 „manae—ffl—
