3124 5162
409 637 414 648 ι
443 545 637 618 nunna.
658 513 780 618 'acu
804 547 880 618 111.
1127 547 1198 645 395

177 669 222 738 Et
239 666 368 763 placida
387 667 458 736 fare
476 695 484 738 :
503 670 531 738 ei
552 667 634 762 quid
654 691 698 740 ax
718 670 824 738 soceri
844 668 946 738 domo

179 777 292 848 Potest
308 775 422 870 fugam
441 775 567 862 levare,
589 775 738 848 solamen
756 791 844 873 pete.

179 887 265 956 mnu.
287 888 510 959 Contemnere
530 887 663 956 animus
684 877 865 982 regianut
885 886 967 976 sois,
985 911 1067 984 opes
1161 911 1199 956 sao

180 997 312 1080 Potest,
329 994 479 1091 soletque
496 1021 505 1064 a
526 994 646 1067 liberos
665 1009 797 1066 tautum
812 995 906 1091 fugae‘

178 1105 310 1175 Habere
326 1106 464 1176 oomitee
481 1103 598 1192 liceat,
620 1107 656 1176 iu
675 1130 822 1201 quorum
843 1107 920 1176 sinu

178 1215 347 1285 Lacrimas
366 1214 594 1309 profundam:
612 1229 645 1284 te
664 1215 744 1286 novi
764 1216 835 1285 nati
854 1229 1006 1286 manent.

180 1342 249 1392 aas.
269 1325 391 1392 Parere
408 1325 562 1418 precibus
579 1348 701 1420 cupere
720 1349 790 1412 me,
814 1323 942 1413 fateor,
968 1326 1052 1416 tuis3
1151 1343 1153 1350 ’

180 1431 289 1502 Pietas
306 1448 421 1504 vetat:
444 1457 588 1530 namque
608 1435 698 1504 istud
716 1449 754 1505 ut
772 1437 897 1530 poesim
915 1437 1005 1531 pati,
1158 1456 1197 1502 sn

179 1543 257 1612 Non
279 1541 349 1636 ipse
365 1559 489 1615 memet
505 1560 604 1641 rogat
624 1562 657 1616 et
675 1571 733 1615 rex
750 1561 785 1615 et
805 1571 911 1616 socer.

180 1653 258 1722 Haec
275 1676 374 1724 cauea
392 1655 467 1724 vitm
483 1671 553 1744 est,
567 1657 631 1727 hoo
646 1657 771 1752 perusti
788 1657 933 1751 pectoris

181 1761 279 1831 Curis
294 1761 443 1834 levamen
461 1790 469 1832 τ
487 1767 609 1860 spiritu
631 1767 729 1836 eitius
744 1791 867 1860 queam

181 1874 319 1958 Carere,
343 1873 516 1961 membris,
534 1873 617 1945 luce.
642 1898 729 1947 unu.
747 1877 803 1946 Sic
820 1889 916 1944 natos
938 1875 1052 1944 amat?

180 1984 268 2050 Bene
285 1996 360 2052 est:
378 1996 509 2052 tenetur
524 2011 532 2054 :
550 1981 679 2054 vulneri
698 1987 806 2082 patuit
826 1983 928 2054 loeus.
1158 2003 1197 2042 ⁵⁵¹·

180 2092 341 2184 Suprema
363 2107 451 2162 certe
469 2091 566 2163 liceat
582 2094 761 2164 abeuntem
780 2093 871 2188 loqui

179 2200 362 2270 Mandata:
378 2200 475 2272 liceat
491 2201 645 2273 ultimum
663 2203 852 2300 amplexum
868 2204 956 2273 dare.

179 2309 323 2380 Gratum
345 2326 396 2381 est
414 2326 448 2380 et
468 2311 560 2382 illud.
579 2315 671 2384 Voce
688 2311 757 2408 jam
776 2328 923 2384 extrema
943 2328 1036 2408 peto,

179 2418 276 2488 Neai
296 2441 365 2512 qua
384 2435 499 2490 noster
520 2421 641 2492 dubius
657 2422 775 2492 esfrrdit
790 2421 895 2508 dolor,

179 2529 340 2598 Maneant
357 2529 392 2598 in
410 2532 522 2601 animo
540 2533 641 2604 verba
658 2559 666 2602 :
685 2531 831 2603 melioris
850 2531 911 2601 tibi
984 2599 987 2606 ,
1159 2547 1198 2589 ⁵⁵⁵
1244 2606 1248 2614 ,

172 2739 229 2797 538
245 2760 285 2814 aq.
305 2741 335 2795 Si
345 2743 416 2816 qaid,
431 2745 454 2800 ai
467 2763 522 2819 qna
534 2765 585 2802 aea.
598 2777 640 2792 -·
682 2745 873 2820 gladiatoribue
889 2757 990 2807 aumta,
1004 2743 1195 2816 qutdengam

129 2817 358 2894 SolamapetaAEa
369 2841 400 2876 ea
411 2843 450 2878 re.
683 2824 794 2897 aliquod
812 2827 960 2878 membrum
981 2823 1124 2878 adversarii
1143 2825 1199 2878 ania

171 2901 239 2965 540.
251 2902 370 2968 Arimara,
382 2921 465 2960 meua.
476 2933 516 2952 -··
531 2906 567 2959 tu
579 2910 640 2972 acis,
684 2905 782 2959 irtiboa
793 2897 901 2958 demum
913 2914 1013 2974 patena.

128 2989 178 3046 tn,
196 2995 276 3052 quem
288 2999 337 3052 ego
348 2997 449 3051 menta,
469 2984 566 3057 reliqui
576 3003 641 3057 oper
725 2983 793 3037 55ι.
810 2981 927 3051 Suprema
946 2993 1016 3036 cerm.
1036 2981 1099 3034 Hae
1111 2981 1147 3034 ait
1159 2981 1194 3035 ad

127 3073 256 3131 paternae
269 3073 297 3114 et
311 3060 418 3117 deliciae
430 3063 514 3136 regui.
683 3061 700 3116 J
702 3065 807 3117 atonem
821 3061 1081 3128 conversa-Certe,
1093 3060 1195 3114 aaltem.

173 3139 239 3204 Sta.
252 3139 281 3192 Ia
290 3159 400 3212 quaram,
414 3157 445 3196 ur
459 3146 487 3197 iu
502 3160 606 3196 eoram.
683 3141 878 3206 -Abooaten,
891 3157 943 3194 me.

171 3218 240 3281 543.
250 3219 316 3273 Noai
326 3225 386 3274 nati.
400 3222 423 3274 E
436 3241 504 3276 nora
515 3224 640 3295 eonjuqe.
726 3221 792 3275 553.
810 3221 875 3274 Vuae
891 3231 1003 3272 amma.
1021 3218 1096 3272 Vooe
1115 3237 1195 3290 quam

172 3296 241 3361 545.
258 3299 341 3351 Platae
359 3311 478 3372 paterna.
495 3331 535 3348 --
553 3303 639 3367 Istud,
685 3313 715 3355 aa
725 3302 779 3372 jam
793 3301 868 3354 brevi
882 3319 937 3354 uon
953 3297 1053 3352 audien.
1066 3297 1101 3352 Et
1113 3298 1196 3352 aima-

126 3375 206 3448 qaod
221 3389 251 3429 tu
262 3377 358 3446 porcia.
685 3378 723 3435 lat
731 3397 760 3434 aa
770 3376 805 3432 ad
814 3378 987 3450 placidiorem
999 3376 1108 3432 rediisse
1120 3396 1196 3430 men·

173 3456 241 3518 546.
262 3457 300 3508 Ee
317 3477 360 3510 m
379 3471 404 3511 aa
424 3477 499 3513 moer.
519 3459 597 3514 Unua
615 3473 643 3516 ea
685 3472 753 3524 tem,
771 3477 825 3530 quo
838 3459 932 3512 melior
948 3459 982 3512 ait
1003 3455 1089 3511 lraodi
1109 3457 1191 3510 loona.

126 3533 219 3598 idem,
232 3535 435 3593 acilicetCreoa.
685 3537 731 3592 Sic
749 3537 823 3609 apud
843 3535 1016 3609 Euripidem,
1035 3537 1152 3607 αἰτοῦμαί
1166 3557 1194 3590 oa

172 3615 241 3683 547.
251 3615 314 3668 Hoea
323 3636 396 3670 maso
404 3657 412 3682 ,
421 3629 470 3672 ete.
481 3621 546 3690 Sap.
556 3619 621 3684 438.
685 3625 733 3673 τῶν
748 3619 876 3688 alpaplaaa
891 3614 1047 3687 Zowaipaa’
1057 3611 1126 3670 aleae.

173 3693 242 3759 548.
260 3694 353 3763 aem,
366 3715 445 3768 quam
463 3697 554 3752 liberie
577 3698 642 3754 meio
727 3697 793 3760 554Ι
808 3697 921 3760 Datim,
932 3697 1053 3750 aixuaoa
1064 3697 1092 3748 in
1105 3693 1196 3750 modo.

124 3791 229 3844 queam
244 3791 342 3828 oarere.
687 3777 824 3840 -Norter‚
838 3775 1072 3843 meum-Effudit,
1084 3775 1196 3828 verbum

175 3851 292 3921 549.5ἰο
304 3867 373 3907 aurae
382 3867 456 3909 amat.
468 3856 532 3909 Hae
546 3874 643 3911 aecum.
688 3854 763 3926 quod
774 3855 964 3926 indulgentiam
977 3855 1098 3925 reposcit.

126 3932 227 3985 Itane?
243 3932 339 3987 aiooine
359 3947 435 3989 natoa
454 3941 545 3989 amat?
557 3936 644 3990 habeo
729 3933 795 3989 555.
809 3936 840 3988 In
852 3939 948 3998 anino,
970 3947 1026 3988 tuo.
1037 3965 1076 3976 --
1087 3933 1197 3986 Melioris

123 4029 187 4083 quo
202 4029 265 4064 eum
279 4030 366 4080 oram,
380 4033 434 4084 quo
447 4014 564 4068 ulciscar.
689 4014 733 4066 tihi
741 4053 749 4078 ,
770 4028 820 4068 etc.
839 4011 1074 4080 Quemadmodum
1088 4011 1199 4076 Medea,

174 4091 239 4146 550.
248 4090 359 4146 Tenetur.
368 4091 431 4147 Vid.
443 4113 482 4148 ra.
494 4094 644 4166 praeoed.-
689 4106 718 4147 ut
728 4095 812 4164 posuit
822 4093 922 4148 liberoa
936 4109 1045 4156 necare,
1058 4109 1085 4144 ae
1097 4088 1132 4144 ad
1144 4108 1199 4142 me-

126 4171 243 4222 Valaen'
254 4176 338 4242 potata
358 4174 433 4226 loona.
452 4174 608 4246 Metapinum
631 4192 645 4227 a
689 4173 784 4227 liorem
808 4186 922 4226 mentem
945 4169 1054 4224 rediieae
1072 4168 1201 4233 simulat,
