3058 5164
381 533 636 604 TROADES.
663 534 868 602 acutv.
1091 531 1161 606 313

148 655 213 745 Qui
231 652 308 724 tulit
323 653 484 728 Achillis?
502 653 641 742 sterilis,
659 669 693 724 et
708 655 800 726 saevis
813 655 922 724 fretis'

148 764 277 836 Inclusa
298 764 397 835 telius
415 791 483 836 non
506 766 596 861 capit
617 765 763 835 tumulos
782 790 881 836 meos.

147 879 238 962 Dirc,
256 876 344 970 dulc,
361 875 500 970 Ulysse:
520 874 568 946 nii
589 901 726 948 moror:
749 876 923 946 dominum
941 898 1073 968 sequor.

77 990 82 1002 '
146 989 198 1054 Me
218 1010 290 1054 mea
305 999 488 1080 sequentur
505 987 597 1055 fata:
619 1011 689 1056 non
708 984 825 1080 pelago
843 986 938 1080 quies
1122 1005 1162 1060 ss⁵

148 1093 338 1190 Tranquilia
358 1096 485 1182 veniet,
507 1097 617 1166 saeriet
634 1097 743 1166 ventis
759 1121 870 1182 mare,

85 1256 94 1273 .
148 1202 313 1291 Echetla,
331 1218 363 1272 et
380 1203 485 1299 ignis,
503 1221 537 1274 et
552 1231 645 1293 mea,
661 1220 695 1275 et
711 1206 836 1276 Priami
852 1203 960 1293 mala3

148 1315 301 1406 Dumque
318 1314 380 1382 ista
395 1315 552 1402 veniunt,
573 1315 706 1386 interim
725 1315 789 1385 hoc
805 1329 909 1410 poenae
923 1315 997 1386 loco
1012 1323 1078 1386 est':

149 1425 273 1494 Sortem
293 1426 470 1518 occupavi,
492 1425 665 1519 praemium
682 1426 789 1519 cripui
806 1426 877 1495 tibi.
911 1462 917 1477 ·

150 1532 213 1601 Sed
232 1533 371 1602 incitato
386 1534 535 1629 Pyrrhus
551 1535 694 1604 accurrit
710 1534 840 1628 gradu,
1112 1563 1164 1592 rm

149 1640 316 1737 Vultuque
335 1658 440 1714 torvo.
454 1645 603 1739 Pyrrhe,
620 1643 701 1739 quid
722 1643 851 1715 cessas?
868 1668 948 1738 ege,
1009 1681 1014 1686 ·
1046 1666 1051 1675 ·
1103 1705 1111 1712 .

149 1750 292 1822 Reclude
310 1753 399 1822 ferro
415 1767 549 1849 pectus,
568 1768 602 1824 et
613 1753 754 1828 Achillis
772 1756 822 1824 tui
906 1797 912 1814 ·

107 1963 146 2004 tur
159 1969 240 2006 unum
264 1965 291 2006 et
312 1951 402 2016 idem,
421 1971 508 2024 neque
521 1955 604 2026 possit
692 1953 758 2026 993.
774 1954 831 2009 Nori
846 1956 911 2023 capit
924 1965 981 2006 tum.
1001 1973 1073 2006 meos.
1085 1952 1157 2008 Pre-

107 2030 255 2102 triumphari
269 2045 363 2098 mater,
380 2032 433 2086 nisi
451 2029 605 2087 dehoneste·
648 2037 716 2106 sugit
732 2053 759 2086 se
774 2053 828 2086 non
842 2035 974 2086 obituram
989 2033 1017 2084 in
1030 2032 1132 2087 Grecis
1147 2055 1153 2084 ι

107 2119 147 2161 tur
160 2110 185 2163 in
199 2123 282 2164 matre
298 2111 376 2166 etiam
390 2123 474 2166 ustus.
486 2111 604 2168 Adnotst
649 2127 676 2168 et
688 2109 877 2188 putatorenisn
889 2113 985 2168 obiisse
1001 2111 1029 2164 in
1043 2111 1157 2165 Thraci·

107 2188 265 2245 Grouorius:
281 2191 353 2244 ινιτ
367 2187 535 2249 doctissimus
548 2193 604 2248 hsee
647 2196 711 2260 bus,
731 2193 773 2248 cai
793 2193 852 2246 loco
874 2192 1034 2265 Cynossema
1048 2207 1155 2244 nornen.

106 2265 252 2322 decucurisse
264 2281 340 2342 putat
355 2272 480 2324 Senecam
498 2271 600 2334 eTron·
647 2273 712 2328 vid.
724 2275 822 2326 Αιιιοιι.
834 2279 887 2334 ada
899 2312 907 2337 ,
920 2271 1047 2342 Epitaph.
1058 2269 1102 2326 ¹5.

106 2345 177 2402 dibus
185 2349 278 2422 Eurip.
292 2349 604 2422 1136‚ubiTrlthybius
688 2359 754 2423 99⁴·
771 2352 818 2405 titt
832 2371 920 2405 morer.
936 2352 1050 2421 Sequar,
1068 2359 1098 2400 ut
1117 2349 1158 2402 in·

106 2425 323 2494 Andromachen,
340 2430 403 2500 qnia
420 2448 482 2484 oum
505 2449 605 2504 prope·
647 2433 764 2488 fortunia
778 2451 836 2486 mee
850 2431 972 2502 Ulyssem
985 2429 1155 2482 comitentur.

105 2519 175 2561 rante
193 2508 296 2578 Pyrrho
312 2507 488 2564 conscendere
509 2528 602 2564 narem
685 2513 750 2583 998.
769 2511 881 2583 Dumque
909 2515 956 2563 isto
979 2527 1035 2560 uer.
1061 2511 1155 2560 iuterim

108 2588 235 2656 compulsa
258 2588 351 2653 fuerit,
374 2587 490 2642 Hecubae
515 2603 604 2644 uerrut
647 2593 692 2644 Iros
700 2613 778 2663 poerroe
785 2592 837 2643 ioco
845 2603 888 2644 est.
900 2589 1032 2644 Sententia
1044 2606 1052 2639 ι
1063 2605 1155 2640 ornnes

105 2665 232 2720 mandasse
244 2685 335 2720 euram
348 2667 491 2737 sepeliendi
506 2669 603 2740 Astyn-
647 2672 703 2726 istm
717 2671 874 2726 calamitates
892 2687 995 2722 meeum
1012 2669 1039 2720 iu
1053 2679 1079 2719 te
1093 2667 1157 2719 inei·

104 2746 196 2812 nectis,
222 2759 249 2800 et
280 2747 308 2800 in
341 2747 399 2818 ipso
427 2748 524 2820 clypeo
551 2749 604 2802 He·
647 2750 728 2817 dent,
744 2763 771 2804 et
795 2749 859 2802 dum
881 2760 1064 2819 exspectantur
1088 2746 1152 2809 itte,

105 2825 187 2878 eteris.
211 2827 291 2879 Hunc
318 2825 444 2898 clypeum
474 2829 602 2898 appellari
646 2843 803 2902 presentem
826 2845 936 2898 prensus
963 2827 1061 2890 hebes,
1082 2823 1156 2895 quod

105 2918 185 2959 oenset
201 2905 245 2959 iiie
261 2907 363 2976 spoliem
377 2907 507 2968 Hector-is,-
522 2921 548 2960 et
566 2909 605 2963 iu·
647 2929 695 2982 ego
708 2921 805 2963 sortem
817 2922 889 2961 tuam
902 2907 999 2968 invasi,
1017 2916 1044 2957 et
1061 2904 1154 2974 prohi-

105 2979 146 3046 de,
168 2985 238 3056 capit
264 3003 354 3038 summ
388 2985 602 3056 reprehendendi
647 2989 712 3054 bui,
737 3009 770 3042 ne
796 2988 935 3058 premium
960 2984 1098 3054 acciperes.
1125 2983 1153 3035 si

103 3064 211 3118 auctoris
226 3085 234 3116 ι
248 3083 325 3128 ιιιιιι,
339 3063 411 3136 apud
427 3064 602 3137 Euripidem,
647 3069 949 3122 euimressessetnortten
960 3061 1151 3125 meum,obre·

104 3140 222 3212 clypeum
242 3145 320 3198 iilum
343 3163 398 3198 esse
419 3145 448 3197 in
475 3158 604 3216 potestate
646 3148 727 3202 nisset
741 3147 791 3201 elia
805 3146 854 3199 tibi
870 3146 966 3198 femina
979 3141 1022 3195 rel
1034 3141 1154 3213 jucunda

103 3219 226 3287 Baubo,
246 3224 290 3278 cni
312 3223 380 3276 tradi
396 3227 604 3280 curaveratdn·
647 3227 801 3282 relutiiis:
823 3227 947 3290 itr,curn
963 3234 1033 3276 sorte
1047 3221 1152 3274 habuis·
1215 3266 1222 3281 ,

103 3297 255 3356 dromachc:
275 3315 303 3354 et
316 3321 399 3374 quum
413 3304 459 3356 ista
474 3305 601 3376 loqueba·
647 3325 687 3360 ses
706 3305 857 3379 premium.
877 3303 955 3357 Nunc
974 3320 1023 3372 ego
1047 3313 1154 3354 ceteras

103 3391 142 3431 tur
154 3381 227 3453 npnd
238 3384 366 3436 Senemrn
381 3383 488 3438 Hecuba
498 3423 505 3449 ‚
516 3385 605 3438 etiam·
647 3385 790 3452 anteveni,
812 3397 843 3438 nt
855 3386 954 3438 sortem
965 3382 1092 3445 haberes,
1104 3397 1154 3433 neo

103 3477 161 3512 num
184 3477 266 3532 peaes
285 3461 491 3518 Andromachen
514 3462 603 3520 fuisse.
646 3465 741 3519 iterum
754 3466 857 3520 trabere
872 3480 977 3534 posses:
993 3460 1102 3531 premio
1114 3478 1156 3512 ee·

104 3539 187 3604 Qnrre
204 3559 259 3594 non
275 3559 353 3612 posse
366 3542 412 3595 hic
425 3562 452 3596 se
465 3562 521 3596 uon
535 3541 604 3597 desi·
647 3564 736 3608 reres,
755 3544 857 3616 quippe
879 3555 971 3596 nectus
987 3557 1068 3594 enum
1085 3539 1153 3593 nnili

102 3615 187 3673 dersre
202 3619 335 3692 judicium
356 3621 479 3688 Senecio,
491 3623 536 3694 qui
554 3617 603 3678 i'str
647 3625 717 3680 usui.
731 3625 822 3678 Geor.

101 3695 210 3752 Hecube
231 3699 352 3764 tribuat,
372 3691 453 3773 qdurn
467 3721 522 3755 non
538 3717 604 3758 esset
689 3721 756 3773 999.
772 3702 865 3754 Sortem
883 3703 1012 3772 occupari,
1029 3699 1154 3770 preprium

101 3793 176 3846 penes
185 3797 244 3832 enm
259 3781 382 3834 Hectoris
393 3782 510 3854 clypeus.
520 3807 532 3830 ι
543 3783 603 3836 Jam
648 3787 734 3854 eripui.
744 3780 806 3835 Vid.
821 3800 889 3833 vers.
903 3777 1017 3852 praeced.

100 3872 133 3908 rs
148 3861 203 3928 987
223 3857 309 3925 dixit,
325 3872 424 3912 matrem
437 3863 549 3914 Hectoris
562 3881 605 3914 ur·
692 3881 773 3917 roos.
789 3861 895 3915 Acttttts
911 3864 947 3912 tui
962 3860 1079 3928 conjunge
1089 3877 1155 3910 soce·

99 3941 140 3987 ιιίι
149 3938 258 3991 Aristus
272 3941 367 3992 moseri
375 3960 384 3992 .·
402 3957 482 4012 ergo,
499 3955 531 3995 ot
544 3943 604 4014 opi·
649 3961 697 3995 ros.
707 3941 753 3996 Me
761 3981 769 4008 ,
781 3953 812 3994 ut
825 3958 911 4012 nuper
922 3940 1074 3999 Priamum,
1090 3955 1154 3989 eou-

100 4033 153 4082 uor,
165 4017 289 4071 Hectoris
301 4020 417 4092 spolium
436 4021 463 4073 iu
477 4021 529 4074 hoo
545 4023 604 4075 loco
649 4021 717 4086 tice,
731 4035 757 4076 et
769 4023 899 4092 conjunge
911 4038 960 4090 per
970 4028 1086 4072 mortem
1096 4032 1154 4078 nos,

100 4092 200 4152 Senmer
215 4115 272 4150 uon
289 4111 329 4152 est
348 4100 458 4172 eiypeus
476 4104 544 4172 ejus,
563 4101 608 4156 sed
652 4119 757 4156 soceros
772 4101 853 4173 patris
864 4100 920 4164 tui,
941 4100 968 4152 in
990 4097 1032 4149 hir
1048 4093 1159 4148 furatis

100 4172 151 4243 ipen
168 4191 254 4232 meter
267 4177 384 4233 Hecube.
653 4182 762 4254 nuptiis.
