3042 5156
442 527 672 596 ueniens.
699 529 807 598 Aer.
836 529 902 596 ιν.
1139 549 1201 622 ¹97

182 675 256 722 ssu.
279 651 445 744 Magnum
465 673 552 733 esse,
572 672 692 741 magna
713 646 801 718 mole
823 648 914 742 quod
934 647 1071 743 petitur,
1084 649 1178 718 scius.

181 759 364 831 Concurrit
382 757 476 827 illiue
494 757 644 852 publica,
666 759 745 827 ltine
768 761 856 854 regis
879 759 983 845 salus,
1168 780 1207 820 ⁸³0

182 870 354 962 Utrinque
375 869 479 962 paria.
501 869 644 938 Contine
663 867 789 936 medias
812 893 941 939 manus.

185 981 234 1046 Ut
252 977 300 1047 nil
321 975 475 1062 lacessas,
494 977 565 1072 ipsa
587 1001 621 1046 se
642 976 709 1046 tata
727 977 907 1072 explicant.

184 1089 263 1157 Non
283 1086 416 1182 expedit
432 1102 608 1156 concutere
626 1087 753 1156 selieem
770 1103 903 1159 stetum.

185 1223 261 1268 (ιιι).
281 1203 371 1268 Tuto
389 1213 553 1282 movetur,
579 1197 743 1293 quidquid
760 1213 908 1268 extremo
925 1201 958 1267 in
979 1200 1052 1269 loeo
1071 1217 1129 1270 est.
1177 1225 1180 1232 ’

184 1333 262 1378 sen.
281 1306 437 1379 Nobilius
457 1306 583 1401 aliquid
603 1333 725 1401 genere
743 1308 846 1404 regali
866 1311 1018 1404 appetis?
1169 1334 1206 1372 ιιι

185 1422 240 1488 Ne
262 1433 295 1486 te
314 1417 461 1512 parentis
481 1418 593 1512 pigeat
610 1419 758 1506 inventi,
776 1419 861 1490 vide.

178 1639 248 1708 829.
259 1637 379 1709 Magnum
398 1657 449 1692 esse
458 1679 466 1703 ,
483 1657 588 1710 magna,
600 1653 651 1694 ete.
695 1640 784 1712 regis:
806 1640 828 1694 si
848 1659 903 1696 non
920 1639 1067 1711 inquireret
1081 1640 1109 1693 in
1125 1640 1208 1695 inter·

141 1719 238 1772 Sensus
256 1729 315 1770 est:
340 1718 412 1772 Scias
432 1717 501 1773 hene
518 1739 575 1773 rem
596 1737 655 1791 qun
696 1720 826 1774 lectorem
838 1719 907 1785 Laii,
920 1717 1061 1774 videbatur
1075 1721 1210 1792 negligere

142 1798 218 1851 tentis
235 1795 441 1851 difficultatibus
453 1796 585 1852 movenda
601 1811 654 1864 est,
694 1800 788 1872 populi
812 1800 934 1853 Thebani
962 1801 1072 1854 salutern
1096 1821 1102 1852 :
1125 1801 1146 1852 si
1172 1800 1210 1853 in·

141 1897 217 1950 quarn
240 1891 321 1930 tante
334 1877 411 1930 molis
424 1891 464 1931 est
477 1896 652 1948 cognoscere,
695 1880 827 1951 quirem,
848 1899 963 1951 eumque
983 1877 1207 1950 deprehenderet,

141 1957 455 2028 nonnisimsgnemrem
470 1971 654 2029 esse‚etquu
695 1977 770 2012 susm
791 1980 797 2011 r
820 1957 929 2012 difficile
948 1971 1004 2012 erat
1030 1960 1058 2011 in
1082 1959 1210 2012 utramvis

142 2039 222 2090 multa
248 2057 339 2090 oecum
371 2036 466 2090 debeat
495 2039 611 2102 trahere,
632 2039 654 2091 si
696 2051 800 2109 partem
822 2050 906 2092 toturn
930 2037 1108 2091 descendere:
1133 2051 1209 2091 erant

142 2116 290 2189 detegetur.
307 2114 441 2188 Frigidius
454 2135 503 2171 nec
518 2116 653 2170 adrerum
696 2119 767 2170 enim
780 2119 907 2189 utrinque
917 2119 995 2170 etium
1006 2116 1088 2187 paria,
1099 2115 1152 2170 hoe
1164 2130 1214 2183 est,

143 2197 376 2261 Seneeaesensum,
386 2197 514 2268 interpres
527 2199 651 2267 gallicus:
697 2217 771 2270 reque
783 2216 875 2268 graves
890 2216 989 2261 cause,
1004 2215 1063 2266 quse
1081 2209 1106 2250 et
1118 2197 1171 2250 huc
1183 2210 1210 2250 et

144 2277 203 2330 «Ce
220 2289 307 2329 secret
322 2293 375 2346 qne
387 2294 453 2328 vous
464 2275 564 2330 desirez
578 2279 599 2330 si
614 2296 655 2330 er·
696 2278 761 2331 illuc
775 2279 908 2330 traherent
924 2298 931 2329 ι
949 2295 1030 2348 quare
1051 2276 1162 2341 melius,
1179 2291 1211 2330 nt

141 2354 278 2409 demerent
304 2357 392 2409 saveir
416 2374 450 2408 ne
474 2357 572 2410 saurait
596 2361 652 2410 etre
697 2356 815 2411 medium
826 2377 853 2410 se
867 2369 983 2422 teneret,
995 2369 1020 2410 et
1031 2357 1118 2408 neutri
1131 2355 1210 2410 dede·

143 2429 352 2506 qu'unegreude
365 2435 476 2488 chose·
696 2449 754 2504 ret,
772 2435 903 2490 servando
927 2437 1043 2508 speciem
1059 2435 1209 2507 inquisitio·

181 2517 248 2570 830,
260 2516 392 2569 Concurrit
402 2515 469 2567 illiue
479 2516 588 2586 prrbliea,
600 2518 655 2568 irinc
696 2517 924 2582 nis‚uonumnem
933 2513 1210 2587 exsequendo.Gnon.

141 2600 203 2664 regis
224 2597 309 2661 selus,
324 2595 440 2666 Utrinque
455 2601 538 2666 peria.
560 2595 654 2649 Studio
738 2597 802 2650 831.
816 2598 919 2650 Contine
932 2596 1021 2646 medius
1033 2615 1125 2648 manus.
1140 2595 1208 2658 Pru,

140 2673 268 2728 ridentur
293 2675 435 2727 obscurata
460 2676 557 2740 verba,
580 2687 654 2728 utet
696 2680 790 2729 contine
804 2697 887 2728 menas
906 2679 931 2728 in
942 2673 1027 2728 medio.
1043 2675 1127 2741 Quasi
1138 2673 1210 2726 dice·

140 2755 210 2808 serris
220 2755 381 2807 sententiam
393 2754 537 2825 explicent,
550 2765 579 2807 et
590 2774 655 2808 con·
696 2767 749 2813 ret,
766 2757 868 2808 abstine
884 2767 990 2826 tongere
1006 2773 1082 2822 rem,
1097 2754 1139 2807 vel
1153 2773 1208 2806 em·

141 2835 248 2888 veniant
268 2834 349 2888 etiarn
369 2835 395 2886 in
410 2833 488 2887 eliam
504 2853 576 2899 rem,
594 2853 654 2906 quer
697 2835 768 2904 plius
781 2835 958 2906 interrogare.

139 2915 256 2967 maxime
271 2914 410 2983 negotium
422 2913 534 2985 OEdipo
545 2916 654 2968 lacesse·
738 2914 803 2968 832.
818 2915 865 2980 Ut,
885 2913 1013 2986 quumvis.
1028 2941 1068 2952 -
1079 2911 1126 2964 Nil
1137 2913 1212 2963 laces·

139 2995 191 3047 hat
218 2995 306 3048 Senex
322 2993 479 3046 Corinthius
502 2992 585 3047 dicit:
606 3014 655 3066 pu·
696 3014 749 3059 ses,
767 2994 834 3046 nihil
849 3006 954 3064 tanges,
969 2993 1049 3061 hujus
1061 2990 1151 3044 arcani
1169 3011 1211 3044 ex·

136 3093 224 3144 gnere
242 3071 372 3126 videntur
392 3073 461 3126 selus
480 3074 587 3144 publica
602 3075 655 3128 Co·
697 3073 873 3145 plorationem
885 3073 961 3125 nullo
975 3069 1056 3124 modo
1070 3089 1208 3140 provoces.

136 3155 307 3207 rinthiornm
330 3164 357 3205 et
385 3166 439 3206 tua.
474 3154 524 3205 Illa
547 3154 605 3208 vult
624 3165 655 3206 ut
698 3186 739 3196 —
761 3151 793 3205 Se
814 3154 944 3225 erplr'carrt.
966 3151 998 3205 Se
1017 3148 1152 3204 declarare
1166 3171 1209 3205 so·

134 3233 196 3286 sine
213 3233 270 3286 ulle
285 3233 457 3304 inquisitione
474 3233 586 3304 accipias
608 3232 656 3287 de·
697 3233 762 3286 lent.

135 3313 224 3366 latum
258 3331 392 3382 regnum,
420 3331 470 3366 nec
495 3313 600 3366 alterius
631 3326 656 3366 te
738 3313 803 3366 833.
821 3313 878 3366 Non
893 3311 990 3382 erpedt
1009 3322 1141 3374 concinere,
1159 3325 1210 3363 etc.

135 3411 221 3464 quam
242 3393 338 3462 Polybi
349 3392 433 3444 lilium
448 3394 516 3446 l'eras
526 3415 531 3442 :
543 3394 613 3456 hec,
626 3405 657 3446 ut
698 3394 799 3446 Versus
808 3405 935 3462 estpcetse
948 3392 1057 3462 alicujus
1072 3389 1212 3443 dramatici

132 3474 282 3539 rescisces,
304 3489 418 3542 quorum
444 3473 583 3525 hominum
609 3473 656 3538 sis,
698 3472 889 3544 velguomici:
911 3466 944 3524 ni
966 3473 1074 3542 eriperes
1097 3472 1209 3523 rhaetis

132 3571 266 3624 quosque
286 3553 372 3604 vitare
391 3565 463 3605 metu
481 3551 617 3623 parricidii
631 3565 657 3606 et
700 3553 727 3606 οὐ
747 3553 862 3608 κινητέον.

129 3633 239 3686 incesti
266 3631 380 3684 debeas:
401 3631 539 3703 utriusque
559 3633 598 3685 ris
619 3635 657 3685 in·
742 3633 808 3694 8³4.
836 3631 914 3692 Tuto,
939 3629 996 3682 siue
1017 3629 1147 3699 periculo.
1171 3663 1211 3671 —

129 3731 201 3784 gens
217 3731 228 3763 z
249 3709 366 3762 medium
380 3711 462 3781 igitur
480 3711 529 3764 feri
544 3730 551 3763 z
567 3713 657 3782 accipe
703 3712 820 3763 Extremo
834 3713 859 3782 iq
873 3711 938 3775 loco,
956 3709 1050 3780 supple
1061 3709 1083 3762 si
1097 3709 1147 3774 vis,
1166 3709 1214 3760 mi-

126 3793 265 3866 primnm
274 3803 302 3842 et
312 3790 388 3843 lirme
397 3809 509 3862 reguum
520 3810 527 3844 :
539 3789 600 3844 dein
612 3810 660 3862 per
700 3791 840 3859 ¹seriarum.

126 3875 228 3926 otinrn
243 3871 353 3941 inquire
363 3883 409 3923 eut
418 3883 538 3942 exspecto
550 3871 659 3923 venien·
744 3870 810 3923 835.
822 3869 932 3922 Nobilius
940 3868 1212 3938 alr'qrrideppetis.Spe·

127 3953 166 4005 n'e
181 3953 259 4004 fata.
273 3949 372 4003 Eadem
387 3961 474 4002 tamen
489 3951 660 4021 ambiguitate
704 3967 779 4001 resne
788 3949 917 4018 originem
929 3949 1088 4002 nobiliorem
1099 3965 1113 3999 ιι
1126 3959 1152 3999 te
1165 3946 1214 3999 tihi

123 4030 294 4085 verborum
306 4042 432 4082 monetur
443 4029 583 4100 OEdipus,
594 4027 661 4100 quid
704 4027 876 4099 detegendam
892 4028 958 4081 l'ore.

125 4111 250 4164 Thebis
269 4110 293 4161 ei
311 4107 463 4162 laciendum
479 4111 521 4162 sit.
538 4111 580 4162 lbi
592 4128 659 4180 quo·
746 4103 1212 4178 836.Inventi,peredoptionem.-

124 4211 187 4265 que
217 4189 396 4243 divertebant
420 4189 488 4243 selus
507 4190 613 4261 publica
635 4202 660 4242 et
707 4188 865 4254 Vide,cnve.

1012 4272 1069 4352 ι33
