3042 5156
393 541 462 586 220
769 519 821 588 ln
846 519 1085 589 OEDIPUM
1507 505 1508 568 t

389 648 481 701 culum
502 660 555 713 0111
569 649 690 719 quumvia
702 646 812 718 quidam
824 623 972 720 explicent:
991 675 1003 697 ι
1014 649 1095 714 Dira,
1113 649 1154 703 vei
1169 652 1210 704 aui
1225 662 1253 704 et
1268 650 1442 708 600061011Ιὶ-
1507 659 1508 718 i

390 741 425 790 ta,
437 754 447 775 ι
461 725 586 799 quidum:
605 753 616 774 ·
628 728 690 799 quia
703 741 763 799 poat
771 747 930 799 responsum
940 729 1269 784 omniaobliviacebantua.
1278 760 1291 780 ι
1301 733 1332 785 In
1342 733 1443 788 Etrnaco
1507 767 1508 770 =

388 808 491 877 optimu
511 807 617 872 codice,
636 807 693 859 loeto
711 820 797 871 notes.
814 806 884 860 unda
903 810 960 863 Nic.
980 808 1104 862 Heinaiua
1126 811 1240 881 conjecit
1259 813 1359 883 repleta,
1380 814 1442 885 qnod

390 886 447 940 eliis
459 885 513 940 dici
525 887 607 949 aolet,
618 887 691 955 plena
702 887 766 942 Deo.
776 885 827 941 Sed
837 890 934 958 repleto,
947 898 1044 959 preter
1059 907 1137 960 quam
1152 888 1226 960 quod
1236 891 1341 962 longina
1354 892 1444 946 recedit

389 966 546 1036 ascriptum
558 964 699 1030 codicum,
712 986 760 1037 per
776 986 804 1022 ae
818 980 974 1038 potestatem
985 985 1043 1020 eam
1057 987 1112 1022 non
1125 968 1213 1022 habet.
1227 969 1337 1043 Egregia
1347 971 1443 1026 ridetur

388 1045 487 1120 Bothio
502 1045 594 1099 Jacobi
606 1045 772 1112 emendatio,
789 1048 898 1112 metato,-
911 1060 1054 1112 ettamen,
1072 1049 1192 1120 quamvis
1207 1049 1290 1104 multa
1305 1051 1400 1105 uiseret
1409 1071 1443 1104 rr·

388 1138 528 1196 pumma,
538 1143 596 1196 qno
612 1125 683 1196 opud
699 1126 786 1198 ipsum
799 1125 903 1191 videas,
914 1144 972 1180 non
985 1127 1081 1198 recipit
1092 1128 1120 1180 in
1135 1139 1244 1180 textum.
1259 1128 1443 1202 Noadeaiqne,

387 1204 498 1257 omnino
519 1206 686 1271 assentimur,
709 1220 739 1259 nt
764 1206 820 1259 fere
839 1207 966 1272 facimua,
983 1206 1103 1259 Badenio
1122 1207 1219 1278 legenti
1235 1209 1320 1262 Letoa.
1334 1211 1367 1264 Et
1381 1210 1443 1262 huno

386 1283 466 1337 audi:
483 1311 494 1332 ι
508 1284 618 1338 Minima
630 1285 775 1339 mutatione
792 1286 888 1339 litteris
899 1286 1062 1358 ttnuapoaitia
1079 1285 1259 1357 castigandum
1277 1291 1353 1341 laton
1367 1301 1443 1353 votes,
1475 1345 1478 1349 ,

387 1363 414 1417 h.
430 1382 454 1416 o.
469 1364 622 1436 Apollinea,
644 1365 766 1419 Phoeben.
785 1365 850 1418 Nam
864 1367 954 1418 Latona
970 1383 984 1418 1
1001 1366 1101 1418 Latone
1118 1379 1201 1420 matre
1216 1367 1346 1433 Phoebua,
1359 1369 1443 1421 aivent

387 1442 414 1496 in
430 1445 587 1513 penetratis
600 1443 703 1497 Horatii
721 1464 751 1498 nc
774 1445 886 1498 Naaonia
901 1441 1006 1498 ostendi
1026 1447 1171 1516 scriptum,
1186 1447 1291 1510 601001,
1305 1449 1390 1512 Δητὼ,
1404 1456 1444 1504 Δ1·

387 1529 465 1585 circe,
478 1523 567 1588 Δατὸ,
591 1536 617 1576 et
633 1523 729 1577 Dorico
748 1531 849 1586 Δατῶος
869 1525 911 1580 nol
929 1529 1044 1585 Δατοῖος.
1065 1527 1097 1577 In
1109 1525 1368 1586 Varroniaveraibua
1379 1527 1444 1580 Δατὸ

388 1603 513 1656 occurrit.
528 1603 608 1674 Apud
621 1601 772 1670 Horatium,
787 1604 834 1658 lib.
844 1605 876 1670 1,
891 1603 944 1658 Od.
957 1605 1011 1660 31:
1030 1631 1041 1652 ι
1055 1604 1109 1657 frui
1122 1604 1221 1676 peratis
1237 1617 1264 1658 et
1274 1604 1363 1659 valido
1376 1605 1445 1672 mihi,

388 1681 482 1747 Ieme,
493 1679 584 1736 donee.
596 1708 608 1730 ι
624 1684 700 1736 Iaetoo
719 1684 799 1755 igitur
818 1697 903 1750 outo,
922 1703 973 1756 pro
987 1695 1046 1737 vate
1059 1683 1145 1737 Letoi.
1163 1683 1207 1737 sic
1221 1685 1304 1738 Statio
1318 1685 1347 1738 in
1360 1684 1444 1746 silvis,

392 1759 515 1833 Cyllarus,
529 1762 644 1828 isdum,
653 1780 738 1833 quum
749 1763 872 1835 Cyllartu
885 1783 939 1818 non
955 1775 1022 1818 eaaet
1032 1781 1124 1817 revera
1136 1781 1221 1834 cquua
1234 1761 1331 1830 ledo,
1347 1762 1392 1818 aed
1404 1765 1445 1819 Ga·

388 1841 476 1906 atonis,
489 1841 539 1913 qui
551 1841 631 1895 Ledn
646 1841 725 1896 filiua.
740 1867 752 1890 ι

428 1934 493 1988 131.
504 1933 627 1988 Nondum.
643 1935 781 2006 Intellige‚
796 1933 817 1988 ai
831 1935 902 2006 potia
915 1952 959 1999 ea,
971 1933 1048 1988 MSS.
1058 1936 1147 2000 8161,
1159 1933 1286 2000 dantem,
1302 1935 1397 1988 undem.

430 2028 496 2081 138.
510 2028 582 2080 Bello
593 2028 728 2108 rdinum,-
741 2029 829 2101 Turpis
839 2069 848 2094 ,
860 2041 910 2084 etc.
924 2029 986 2083 Non
995 2040 1034 2081 eat
1045 2027 1140 2082 inscite
1151 2029 1301 2100 mapicatua
1314 2028 1444 2083 Heinaiua:
1480 2059 1482 2064 ,

393 2134 404 2155 ι
420 2107 489 2161 belia
499 2107 635 2181 relinques
651 2109 765 2182 turpia.-

430 2205 495 2263 ²6¹·
507 2200 548 2255 Ne
559 2213 644 2252 sancto
653 2205 798 2274 quisquam,
812 2213 863 2256 etc.
878 2201 936 2256 MS.
951 2201 1039 2271 6877,
1051 2219 1080 2253 ne
1096 2219 1165 2252 sacro
1177 2219 1203 2272 q.

430 2297 497 2356 141.
513 2291 615 2345 Tueudo
626 2299 735 2346 murino.
747 2293 805 2348 MS.
815 2295 908 2360 8160,
923 2313 988 2347 mar.
1003 2293 1115 2346 tuendum
1128 2306 1172 2348 eat.

429 2371 632 2442 1480001610.
648 2373 705 2426 MS.
725 2374 818 2438 8081,
835 2377 928 2446 quaerit.
943 2372 1117 2428 Perannarum
1138 2371 1283 2426 diaorimen
1296 2369 1445 2426 mutandum

387 2461 476 2506 comet
483 2448 602 2522 Lipaiue,
617 2463 644 2504 et
657 2451 695 2506 aio
707 2451 916 2507 instituendum:

525 2607 564 2640 cu.
581 2592 691 2650 Queritur
707 2601 837 2654 pennatum
855 2607 939 2648 nemo,
955 2607 1024 2654 quem
1038 2591 1181 2639 incolumem
1200 2593 1275 2637 timet.

525 2681 578 2714 mn.
595 2667 681 2714 Cunna
696 2667 794 2729 peremti
807 2667 882 2728 major
898 2667 1000 2714 erouaait
1009 2668 1085 2713 timor.

524 2757 562 2788 ca.
579 2743 646 2788 Pium
657 2741 778 2803 prohibuit
793 2743 855 2789 uilna
868 2742 971 2790 officinm
987 2743 1078 2789 metue?

529 2829 582 2863 mn.
595 2815 722 2864 Prohibent
731 2815 840 2874 refundi,
850 2826 894 2864 etc.

431 2951 609 3021 14631110
629 2963 654 3004 ot
674 2952 788 3020 nefaudr',
807 2965 858 3006 etc.
875 2952 933 3006 MS.
951 2951 1037 3020 6377,
1056 2949 1148 3014 eoae,
1169 2947 1255 3014 8066,
1283 2972 1294 2995 ι
1311 2946 1453 3000 Prohibent

390 3031 508 3085 neinndi.
524 3057 534 3080 a

432 3110 494 3164 160.
510 3112 601 3182 Tuqroe.
615 3109 673 3164 MS.
689 3113 773 3176 8160,
788 3124 814 3163 tu
828 3130 929 3184 quoque.

433 3190 498 3246 163.
514 3192 575 3242 Tuo.
587 3190 644 3244 MS.
655 3207 734 3262 quem
747 3193 811 3244 citat
821 3189 1004 3245 commelinna
1011 3228 1019 3255 ,
1029 3209 1080 3242 suo.

432 3268 498 3322 155.
514 3269 631 3323 Coeruloa.
645 3269 702 3323 MS.
715 3271 836 3323 auruleus.

433 3349 497 3404 158.
513 3349 571 3402 Nou
584 3353 673 3420 quieto.
686 3349 744 3403 MS.
756 3353 840 3415 8160,
856 3369 902 3402 non
913 3353 1026 3420 quietum.
1036 3347 1070 3401 Et
1085 3347 1123 3402 aic
1135 3346 1275 3400 inventum
1290 3347 1319 3398 in
1334 3345 1398 3398 Pali.
1415 3361 1457 3395 re·

390 3428 456 3498 cipit
466 3428 657 3483 Commclinua.
672 3457 712 3472 -
724 3429 841 3482 Mulebnt
859 3428 983 3482 Heineiua
996 3430 1070 3480 ovito.
1088 3463 1090 3469 ,

433 3511 498 3562 161.
515 3509 648 3580 Numquid.
661 3509 790 3578 Proponit
805 3507 916 3580 Raphel.
928 3527 983 3560 nom
997 3508 1063 3580 qaid.

432 3589 496 3651 264.
509 3589 623 3662 Quoque.
639 3587 799 3660 Simpliciter
812 3589 870 3642 MS.
887 3589 976 3651 8160,
986 3605 1049 3660 quo.
1069 3615 1108 3629 -
1124 3584 1198 3640 Gero.
1209 3582 1339 3637 Commel.
1345 3582 1404 3650 sero
1415 3601 1425 3642 ,·
1436 3592 1460 3632 et

390 3677 502 3720 notatae
518 3684 578 3720 cum
591 3667 1083 3738 1111100ιί000,10111110701ομω7111.

431 3747 494 3815 167.
512 3745 636 3800 Geminus.
648 3746 706 3799 MS.
723 3749 807 3812 8160,
816 3751 920 3818 gomicio.
932 3777 972 3789 -·
984 3745 1094 3800 Aluus.
1108 3743 1165 3796 MS.
1180 3741 1264 3808 8031,
1277 3739 1367 3794 tundis.

432 3843 485 3894 170
503 3845 541 3896 aq.
556 3825 647 3878 Surum.
660 3825 722 3878 diem
734 3847 828 3880 securus
842 3827 887 3879 olt.
906 3825 992 3878 reddat
1004 3829 1030 3878 iu
1045 3826 1090 3878 sol.
1106 3843 1133 3894 p.
1151 3824 1237 3875 Locua
1251 3839 1314 3874 anne
1324 3831 1466 3874 tortuosus

389 3904 425 3956 ob
443 3902 622 3958 diversitatem
640 3904 795 3960 lectionum.
813 3907 868 3960 MS.
891 3907 980 3971 8034,
998 3904 1088 3968 8066,
1101 3915 1181 3972 regat.
1191 3899 1274 3968 Quod
1284 3897 1397 3972 qnidam
1415 3917 1464 3950 vo-

389 3984 462 4048 lunt,
472 3983 557 4052 degat,
566 3983 696 4036 novitium
714 3981 829 4039 declarat
845 3985 1007 4040 Gronoviua.
1022 3983 1106 4056 Lipaii
1118 3980 1197 4035 codd.
1216 3981 1320 4042 reddat,
1336 3978 1380 4052 =cni
1399 3995 1466 4047 pro·

386 4063 459 4116 xime
471 4061 573 4116 accedit
584 4062 762 4127 Colonieuaia,
774 4065 802 4117 in
813 4083 867 4137 quc
879 4065 958 4119 rodae.
970 4064 1041 4136 Ergo
1051 4062 1200 4133 amapimua
1214 4061 1307 4113 reddat.
1324 4057 1467 4111 Dubitan-

391 4154 444 4194 tem
457 4161 520 4196 vero
533 4141 693 4210 Gruterum,
713 4145 746 4195 nn
764 4142 868 4198 dicutur
883 4145 977 4212 latine,
992 4143 1089 4196 reddere
1100 4161 1214 4194 summum
1232 4141 1307 4204 dum,
1321 4151 1468 4192 rceumre
