3124 5162
459 513 661 586 MEDEA.
687 518 796 589 ACT.
821 519 867 588 V.
1125 525 1194 618 qap

174 635 285 728 Quid,
299 638 428 726 anime,
445 638 593 710 titubas?
610 659 669 708 ora
687 620 769 734 quid
788 638 933 710 lacrimae
951 641 1086 736 rigant?

175 745 380 844 variamque
398 774 489 820 nuuc
507 749 573 822 lrue
594 750 662 836 ira,
685 767 776 822 nrurc
795 748 876 822 illue
896 774 992 820 amor

172 859 334 928 Diducit?
354 884 476 953 enoeps
490 874 589 930 estus
605 860 769 930 incertam
788 859 888 954 rapit.

174 965 222 1038 Ut
239 993 323 1038 saeva
341 968 448 1064 rapidi
466 967 552 1038 bella
568 991 676 1063 quum
695 970 785 1038 renti
809 984 947 1064 gerunt,
1156 987 1196 1040 oto

173 1079 344 1173 Utrinque
361 1079 483 1150 lluetus
503 1078 607 1148 mario
629 1077 798 1148 discordes
815 1093 939 1172 agunt,

169 1187 389 1283 Dubiumque
405 1185 542 1282 pelagus
560 1187 692 1258 fervete
717 1187 807 1258 haud
825 1188 924 1260 aliter
940 1213 1054 1258 meum

173 1300 242 1368 Cor
260 1297 461 1384 fluctuatur;
475 1298 525 1366 ira
542 1297 699 1392 pietatem
719 1298 835 1392 lingat,

171 1406 328 1500 iramque
345 1407 460 1500 pietas.
478 1406 569 1478 Cede
586 1407 717 1501 pietati,
737 1405 843 1476 dolor.

171 1507 247 1583 Huc
268 1539 344 1584 erra
362 1513 491 1610 proles,
512 1516 652 1586 unicum
674 1515 806 1586 afflictae
824 1516 944 1588 domus
1153 1543 1192 1594 „rs

172 1624 347 1712 Solamen,
365 1626 433 1696 hue
455 1651 514 1696 vos
531 1626 632 1715 ferte,
651 1642 685 1695 et
705 1626 832 1697 inlusos
850 1627 934 1721 mibi
1014 1665 1018 1672 ·

172 1735 377 1830 Conjungite
396 1751 514 1806 artus:
536 1736 656 1806 habeat
678 1734 862 1808 incolumes
883 1751 999 1832 pater,

172 1845 263 1912 Dum
285 1861 319 1913 et
340 1859 447 1914 mater
462 1846 594 1918 habeat.
610 1851 720 1943 Urget
734 1847 887 1918 exsilium
902 1839 942 1918 a'e
961 1847 1058 1944 fuga:

170 1957 242 2022 lam
257 1953 328 2046 jam
347 1979 421 2024 meo
441 1957 614 2052 rapientur
633 1955 741 2026 avulsi
760 1981 778 2025 e
797 1958 894 2040 sinu,

168 2064 315 2153 Flentes,
335 2081 524 2160 gementes:
540 2065 662 2136 osculis
679 2081 817 2161 pereant
840 2066 963 2161 patris;
1154 2088 1195 2139 „⁵0

171 2176 306 2244 Periere
323 2178 435 2245 matri.
450 2182 580 2248 Rursus
598 2177 752 2246 increscit
768 2175 882 2263 dolor,

170 2287 215 2354 Et
231 2284 340 2380 fervet
357 2286 495 2356 odium:
518 2289 640 2382 repetit
656 2288 793 2355 invitam
814 2309 951 2356 manum

167 2396 319 2488 Antiqua
336 2395 502 2490 Erinnys:
522 2397 591 2478 ira,
605 2423 671 2492 qua
691 2397 802 2483 ducis,
821 2419 955 2492 sequor.

169 2505 308 2574 Utinam
331 2503 481 2599 superbae
497 2507 596 2576 turbe
613 2506 808 2578 Tantalidos
827 2531 902 2576 meo

160 2719 229 2790 939.
238 2719 336 2779 AEstur,
349 2729 483 2791 tamquam
496 2719 584 2775 meris.
597 2721 632 2776 Et
676 2722 766 2788 lentis,
779 2719 941 2778 transtulisse
952 2717 981 2774 in
991 2715 1111 2776 Medeam
1125 2717 1193 2774 lilio·

122 2797 493 2865 urvonnlitoeomrinn.
677 2821 737 2855 rum
764 2819 872 2855 suorum
900 2800 1017 2865 cedem,
1043 2819 1112 2872 quos
1139 2799 1191 2870 ipsi

161 2884 229 2948 9⁴²·
246 2877 433 2949 Baliumque
448 2880 556 2935 leretur.
677 2881 811 2936 Corinthii
832 2882 861 2934 iu
882 2880 974 2934 matris
996 2877 1089 2932 odium
1109 2879 1191 2934 inter·

162 2957 231 3026 945.
241 2955 308 3012 Cara
315 2959 403 3028 proles.
416 2962 519 3023 micum,
531 2971 580 3012 ete.
589 2955 631 3012 cf.
676 2960 801 3014 fecerant

121 3035 220 3092 Troad.
232 3054 269 3089 re.
281 3039 334 3100 463
348 3047 387 3108 sq.
397 3049 423 3090 et
436 3042 501 3106 962.
718 3039 785 3108 9⁵²·
797 3039 893 3109 Repetit
908 3039 1005 3092 inritam
1020 3055 1084 3088 marr.
1101 3035 1189 3108 Antip.

162 3120 233 3186 946.
246 3116 343 3183 lusuros
357 3117 421 3170 milri.
433 3117 571 3188 Significat
584 3138 635 3172 no·
677 3119 752 3172 Bria.
769 3117 897 3184 Quamvis
915 3118 1009 3169 nolens
1028 3133 1108 3187 seque
1127 3116 1191 3168 sub·

120 3195 169 3250 dos
185 3195 283 3268 quibus
299 3196 357 3249 vult
375 3214 430 3250 sese
444 3215 506 3250 euru
520 3199 633 3252 neusin
677 3199 785 3250 trahens
807 3195 909 3252 crudeli
933 3196 1078 3249 ministerio
1099 3213 1192 3248 manue

119 3276 222 3347 gremio
237 3275 351 3348 receptis
364 3275 511 3347 implicare.
678 3277 825 3348 reposcitur
839 3295 852 3329 a
865 3277 948 3328 reteri
961 3275 1095 3338 Furia,ut
1106 3274 1192 3345 qualia

160 3357 228 3424 948.
242 3355 293 3418 Er,
303 3373 420 3426 quoque.
428 3383 468 3399 -
480 3356 558 3426 Urget
569 3355 631 3409 ersi·
676 3355 703 3410 in
715 3357 824 3410 fratrem
835 3355 903 3418 tuit,
915 3355 974 3407 tulis
984 3367 1010 3407 et
1024 3355 1057 3407 sit
1070 3355 1097 3408 in
1110 3355 1188 3408 lilios.

120 3435 192 3500 lim,
208 3454 239 3486 ae
246 3434 320 3504 suga.
336 3427 420 3505 Urget
434 3447 521 3489 tamen
539 3437 632 3490 inires
671 3435 780 3490 Deinde
794 3436 923 3489 consentit
943 3438 968 3486 'et
985 3434 1103 3505 sequitur
1117 3432 1190 3488 ‹lete-

118 3512 257 3585 rudesque
270 3512 369 3568 instans
381 3515 512 3570 exsilium.
674 3515 761 3578 rien,
776 3514 870 3568 ridens
883 3513 1051 3586 probansque
1067 3513 1188 3566 meliora.

161 3593 227 3664 950.
245 3592 342 3646 Oreulr's
350 3605 452 3664 pereant
463 3598 557 3664 patris,
579 3607 631 3650 ete.
717 3595 887 3662 956.Utiram
897 3592 1010 3663 superbae,
1019 3592 1186 3646 ete.Utinam

117 3669 220 3736 lllunc,v
233 3672 333 3744 inquit,
350 3673 452 3728 amittat
467 3674 530 3728 illos
545 3687 572 3728 et
585 3694 633 3746 pu·
676 3675 837 3745 peperissem
861 3685 901 3726 tot
917 3672 987 3724 filios
1010 3685 1076 3743 quot
1102 3671 1188 3724 Niobe

116 3765 168 3805 ter.
183 3753 254 3806 Nam
268 3770 317 3824 eqo
332 3752 430 3806 liberos
445 3753 519 3806 amisi
533 3756 633 3826 james
676 3751 782 3810 Tantali
797 3753 868 3817 fllia,
880 3751 988 3805 Hercul.
1001 3751 1064 3806 Fur.
1076 3751 1190 3820 vs.39o.

115 3849 176 3903 quo
188 3830 362 3886 comtitutum
375 3844 429 3897 est,
445 3851 490 3895 eos
501 3831 546 3887 lrie
559 3852 633 3886 man·
680 3831 866 3898 ·Qu·m1ntht
881 3833 970 3902 ampla
984 3831 1053 3884 soret
1065 3828 1193 3883 vindictas
1280 3831 1282 3834 ’

113 3928 266 3965 ausonense.
277 3912 386 3983 Itaque,
395 3912 418 3966 si
429 3912 567 3984 peribunt,
577 3933 632 3968 uon
677 3931 748 3983 seges
757 3911 763 3965 !
772 3923 798 3964 et
808 3924 897 3966 tamen
906 3910 973 3964 duos
980 3909 1065 3962 babeo
1074 3909 1188 3961 Merme·

114 3989 200 4056 mihi,
218 3989 266 4046 sed
286 3991 326 4043 illi
340 3992 475 4062 peribunt.
490 4023 530 4035 -
544 3993 634 4047 Refert
677 4011 738 4044 rum
753 4003 780 4044 et
796 3992 949 4055 Phereterm
965 4008 1032 4061 quos
1043 3987 1111 4060 patri
1124 4005 1187 4040 meu

110 4079 206 4124 tamen
220 4069 359 4143 Euripidis
368 4071 526 4124 scholiastes
539 4090 633 4126 corru·
677 4069 784 4144 prodilo
800 4070 928 4141 fratrique
944 4087 1010 4122 carso
1032 4065 1106 4138 quasi
1119 4065 1192 4118 infe*

109 4163 195 4222 ptum
207 4169 223 4204 a
237 4149 384 4206 Corinthiis
398 4147 555 4221 Euripidem
568 4169 584 4204 u
596 4163 634 4208 ta·
677 4153 728 4206 rius
740 4152 861 4205 oll'eram.
876 4175 886 4195 ·
906 4150 977 4202 lnfra
993 4167 1017 4202 v.
1032 4149 1100 4216 968.
