3042 5156
399 519 625 588 OEDIPUS.
653 521 761 590 ACT.
790 523 831 591 V.
1077 523 1146 597 205

123 669 139 702 α
154 641 351 708 Commenta
371 655 503 734 partus,
522 640 696 735 suppliciis
715 643 829 713 cadem
848 645 931 714 meis

124 779 140 811 ι
153 753 318 821 Novetur.
338 755 465 822 lterum
484 753 615 838 vivere,
632 768 732 848 atque
754 754 877 823 iterum
892 756 979 824 mori
1110 779 1150 830 oss

125 888 141 921 ι
156 860 271 928 Liceat
293 861 421 930 renosci
442 885 591 955 semper3
611 877 648 930 ut
669 865 766 934 toties
786 889 873 934 nova

126 969 329 1065 «Supplicia
347 971 484 1066 pendas.
506 975 611 1044 Utere
633 973 769 1068 ingenio
787 975 898 1044 miser.

126 1081 259 1170 «Quod
277 1106 364 1175 saepe
381 1081 453 1152 fieri
474 1107 541 1151 non
563 1096 692 1178 potest,
713 1083 771 1152 fiat
789 1083 858 1154 diu.

126 1194 248 1260 «Mors
267 1189 417 1286 eligatur
434 1191 534 1287 longa
554 1217 562 1260 ε
584 1207 753 1288 queratur
772 1193 844 1280 via,

126 1304 232 1390 «Qua
251 1325 315 1370 uec
332 1301 469 1396 sepultis
487 1304 629 1391 mixtus,
647 1317 679 1371 ct
698 1303 783 1372 vivis
802 1318 913 1374 tamen

128 1413 314 1481 «Exemtus
336 1436 436 1481 erres.
461 1415 616 1499 Morere,
635 1411 694 1481 sed
709 1414 794 1482 citra
811 1429 952 1508 putrem.

128 1523 351 1604 «Cunctaris,
364 1523 497 1592 anime?
512 1523 642 1592 subitus
660 1548 701 1592 en
722 1521 833 1592 vultus
852 1538 968 1620 gravat

128 1631 318 1700 «Profusus
338 1632 461 1720 imber,
478 1659 517 1703 ac
536 1633 625 1728 rigat
642 1633 724 1702 fletu
742 1657 854 1728 genas.

129 1745 199 1812 «Et
218 1743 300 1812 llere
321 1743 400 1812 satis
416 1743 491 1814 est?
512 1743 673 1813 hactenus
691 1743 836 1814 fundent
852 1741 957 1814 levem

130 1850 259 1924 «Oculi
277 1850 465 1946 liquorem?
485 1853 627 1924 Sedibus
644 1853 729 1948 pulsi
750 1855 819 1924 suis

133 1965 335 2037 «Lacrimas
353 1981 554 2058 sequuntur,
578 1965 611 2034 hi
634 1963 802 2034 maritales
821 1964 932 2034 statim

131 2072 343 2142 «Fodiontur
361 2072 491 2144 oculi.»
508 2075 618 2160 Dixit,
635 2087 735 2168 atque
753 2074 801 2143 ira
822 2073 914 2142 furit.

124 2269 184 2331 944·
194 2264 349 2328 ammento,
359 2282 419 2336 que
430 2281 529 2328 noros,
542 2265 560 2318 i.
569 2283 593 2320 e.
637 2263 785 2318 oculisnon
796 2265 941 2335 continges.
950 2261 1032 2334 Apud
1042 2263 1150 2336 Sopho·

90 2345 318 2413 turpes,scelestos
329 2358 421 2415 partus
431 2345 541 2399 invenlt.
638 2345 722 2409 clem,
733 2363 816 2415 quum
833 2345 937 2398 Chorus
952 2341 1076 2410 dixisset,
1092 2364 1149 2399 me·

124 2423 184 2492 9⁴⁵·
196 2425 321 2486 Novetur,
333 2437 459 2479 mutetur.
637 2423 688 2476 lius
702 2425 726 2477 ei
738 2425 857 2477 lotorum
876 2424 954 2476 luisse
970 2442 1025 2476 non
1038 2424 1147 2490 vivere,

123 2509 188 2574 947.
207 2503 282 2556 Utere
295 2507 391 2574 iugenio
411 2509 488 2558 miser.
511 2506 594 2560 Utere
637 2523 716 2575 quam
729 2520 830 2558 cecum
841 2502 1087 2573 rivere,respoodit
1097 2503 1148 2555 OE-

89 2598 116 2632 eo
128 2581 287 2654 ingenio,etl
296 2602 386 2656 poeuer
397 2585 594 2657 excogitandas,
637 2583 716 2656 dipue
735 2603 741 2638 :
761 2573 817 2656 ἐγὼ
835 2585 882 2654 γὰρ
903 2584 946 2635 οὐκ
970 2578 1019 2635 οἶδ·
1037 2585 1146 2655 ὄμμασιν

86 2679 134 2730 quo
147 2681 208 2716 usus
228 2681 258 2716 es
270 2662 405 2736 quondam
426 2665 454 2718 in
469 2665 594 2738 Sphingis
636 2667 712 2726 ποίοις
733 2665 829 2728 βλέπων
849 2665 952 2732 llerlpa
970 2665 1028 2716 πότ’
1042 2663 1071 2716 tv
1086 2685 1148 2735 προ·

86 2740 217 2811 enigmate
231 2742 371 2797 solvendo.
386 2745 473 2799 Fun.
637 2740 719 2797 οιῑὸον
742 2745 775 2804 εἰς
796 2739 858 2813 ᾅδου
878 2741 957 2813 μολών
976 2764 982 2778 ·
1003 2743 1050 2796 ubi
1072 2756 1147 2797 notet

121 2825 184 2889 9⁵⁰·
197 2824 255 2893 Qua
266 2843 309 2875 uec
317 2825 415 2894 sepultis
426 2828 541 2878 mixtus...
553 2835 592 2875 ta·
637 2822 793 2877 Scholiastes
809 2842 816 2875 :
835 2824 866 2875 Ol
894 2812 995 2881 mosee
1031 2825 1145 2880 τοιοίιτον

85 2918 131 2951 m
153 2903 289 2968 Eremtus,
316 2916 367 2958 etc.
385 2905 475 2958 Vertit
500 2905 592 2975 gallice
637 2899 700 2971 εἶχον
716 2899 803 2964 boleti,
822 2904 853 2962 ὥς
866 2902 914 2953 tlte
928 2901 1014 2969 τὐφλός
1027 2904 1146 2968 τις,ιῐτι

85 2978 171 3034 losum
186 2996 257 3036 nost.
277 2983 414 3048 comte,
438 2985 467 3037 in
485 2984 592 3056 OEdipo
638 2984 735 3048 βλέποι
759 2982 891 3045 (subtusa,
918 2985 1026 3040 resource
1052 2982 1095 3034 stul
1122 2985 1146 3034 lv

82 3078 143 3125 suo,
164 3073 192 3115 et
210 3063 239 3114 in
259 3081 291 3115 eo
309 3065 421 3136 sumpsit
436 3063 592 3118 adverbum
637 3058 748 3131 tetuli.
866 3053 870 3060 ’

84 3140 211 3194 Votuin.-
225 3165 237 3190 ι
253 3155 336 3196 ...et
350 3144 375 3198 le
392 3155 449 3198 sort
469 3144 516 3215 qui
531 3144 593 3198 l’ac»
678 3143 744 3210 954.
753 3139 877 3194 Hactenus
878 3139 1148 3206 fundent,etc.Verbc

79 3219 168 3284 mble,
188 3223 242 3275 Dee
270 3234 355 3276 morte
375 3235 402 3276 et
424 3223 470 3276 des
492 3223 593 3295 virunts
636 3234 697 3276 eunt
721 3220 921 3290 interrogantis,
937 3231 964 3271 et
983 3237 1073 3272 seusus
1088 3233 1144 3273 est:

79 3301 181 3353 semble
194 3301 220 3355 le
229 3305 346 3374 separer.
358 3329 370 3351 ι
383 3335 424 3345 -
436 3305 502 3356 Vim
513 3324 591 3355 eum-
639 3301 834 3354 «Oculiuesutie
841 3300 977 3353 habebunt
986 3317 1058 3352 nunc
1067 3298 1148 3352 etium

79 3389 131 3444 tus,
141 3381 289 3435 abstractus
300 3401 435 3437 enumero
446 3383 577 3437 virorum.
637 3381 759 3435 inutilem
771 3381 903 3452 liquorem
916 3377 1037 3432 sundere.
1051 3403 1063 3424 ι

115 3461 190 3528 951.
204 3462 276 3514 Citra
285 3475 387 3531 putrem.
399 3465 592 3534 Interpretatur
679 3463 746 3530 956.
759 3461 880 3512 Lacrimas
891 3469 1032 3531 sequautur.
1047 3455 1080 3510 ld
1091 3471 1145 3522 est,

76 3537 244 3604 Famebius,
255 3561 310 3594 noo
320 3561 375 3596 uuo
387 3543 454 3608 icto,
465 3557 494 3596 ut
504 3544 592 3596 Laius.
638 3539 733 3594 cedant
752 3541 780 3592 io
796 3552 909 3603 terrem,
924 3538 971 3590 ubi
992 3536 1093 3590 cudunt
1111 3538 1148 3591 ls-

74 3617 127 3671 Sed
138 3620 241 3673 melius
249 3634 303 3686 est,
315 3621 519 3694 quodiutelligit
527 3624 594 3676 Gro-
638 3621 734 3684 crime.
742 3651 781 3662 -
791 3617 926 3671 Maritales.
943 3605 1039 3688 Ἑρωτος
1051 3617 1147 3670 ἀνοσίου

73 3700 175 3752 novius
188 3717 197 3751 :
211 3705 270 3753 Non
286 3720 369 3773 usque
383 3721 416 3756 eo
431 3721 485 3772 quo
502 3715 592 3772 puter,
637 3693 1150 3771 κοὶγοὶμουάνομίμουδᾳδοῦχοιΕιιοοο·

71 3777 99 3830 b.
111 3797 136 3831 e.
151 3791 187 3832 ut
201 3781 372 3834 eriventium
382 3800 495 3835 numero
507 3784 592 3836 abeas.
637 3793 727 3851 spectu
741 3779 813 3830 enim
825 3797 908 3830 umor.
919 3778 969 3836 Hi,
982 3778 1077 3848 quibus
1093 3776 1150 3846 pla-

70 3857 206 3923 Morere,
225 3859 269 3913 sed
289 3862 412 3915 citeriore
433 3863 509 3933 quusi
524 3863 594 3915 lines
638 3861 694 3914 cuit
707 3872 800 3922 mater,
819 3858 861 3911 vel
879 3857 925 3928 qui
946 3857 1016 3910 illius
1031 3873 1149 3910 umorem

69 3955 154 4008 quam
171 3953 314 4010 paterrue
332 3939 366 3994 ud
383 3956 486 4014 petrem
500 3959 595 4013 perre—
639 3939 825 3993 conciliavere.
940 3959 942 3966 ’

66 4017 142 4082 uias,
161 4032 264 4089 utque,
278 4023 398 4091 quemvis
411 4034 534 4076 mortuus
544 4021 595 4086 sie,
681 4019 746 4090 957·
758 4018 921 4090 Debitatque
931 4020 968 4069 r'ro
976 4018 1051 4083 furit.
1062 4013 1149 4077 Quum

67 4111 220 4167 superstes
236 4111 262 4152 et
284 4101 374 4154 vivum
391 4102 471 4155 funus
484 4102 596 4156 circum·
640 4101 745 4172 prolixe
763 4111 891 4152 tractetur
911 4097 957 4150 ille
970 4091 1070 4164 OEdipi
1092 4109 1148 4144 me

65 4173 187 4230 leram:
210 4189 236 4230 et
254 4176 371 4252 denique
392 4194 514 4236 mortuus
533 4199 595 4236 eum
640 4178 798 4235 obcecuutis
819 4178 911 4243 furor,
937 4187 965 4229 ct
984 4190 1063 4245 quum
1078 4167 1148 4226 fode
