3008 5158
392 541 624 610 OEDIPUS.
653 541 756 609 ACT.
784 544 833 610 11.
1079 548 1136 618 rlir

133 665 169 730 lit
186 663 290 728 inane
309 661 417 754 surgit
434 687 573 757 corpus,
591 686 629 730 ac
648 687 758 731 sacros
780 665 864 757 petit

132 776 241 842 Cornu
260 771 439 840 ministros.
461 773 595 842 Viscera
614 771 779 866 effugiunt
801 797 946 844 manum.
1100 802 1141 842 aa.

131 885 240 976 Neque
258 883 344 975 ipsa,
362 905 436 972 quae
454 895 486 949 te
505 881 651 975 pepulit,
669 884 810 950 armenti
828 886 937 977 gravis

132 996 200 1062 Vox
218 1005 288 1078 est,
307 1015 367 1060 nec
387 1015 525 1085 usquam
544 992 650 1060 territi
670 1007 825 1061 resonant
843 1018 981 1090 greges:

131 1103 285 1196 immugit
304 1102 369 1170 aris
385 1102 489 1195 ignis,
505 1115 539 1170 et
558 1101 726 1196 trepidant
743 1102 818 1172 loci.

130 1235 196 1280 (aa.
215 1212 310 1302 Quid
328 1212 388 1280 ista
409 1213 494 1280 sacri
512 1212 605 1306 sigua
627 1211 760 1279 terrifici
780 1212 905 1300 ferant,

130 1326 303 1415 Exprome.
322 1325 431 1391 Voces
447 1345 526 1390 aure
548 1346 615 1388 non
635 1320 750 1388 timida
769 1321 939 1392 hauriam:
1101 1349 1140 1390 aas

132 1429 239 1499 Solent
257 1455 412 1524 suprema
433 1431 539 1500 facere
556 1455 689 1499 securos
707 1430 803 1500 mala.

130 1565 194 1609 rm.
215 1541 277 1620 His
297 1540 479 1625 invidebis,
496 1541 617 1634 quibus
633 1565 731 1633 opem
751 1543 890 1634 quaeris,
909 1543 1014 1613 malis.

129 1673 195 1720 oeo.
217 1653 389 1736 Memora,
407 1649 498 1743 quod
517 1674 620 1718 ursum
642 1651 724 1718 seire
740 1649 892 1722 caelicolae
911 1653 1041 1744 volunt,

128 1759 370 1828 Contaminarit
385 1783 463 1854 rege
483 1760 558 1852 quis
577 1783 660 1828 caeso
678 1785 806 1829 manus.

126 1891 186 1936 nr.
208 1870 281 1938 Nec
298 1865 362 1936 alta
382 1866 451 1935 caeli
474 1893 547 1962 quae
566 1867 628 1936 levi
649 1895 757 1964 penna
778 1888 908 1958 secant,
1100 1895 1139 1950 ³⁹⁰

126 1980 190 2046 Nec
207 1977 294 2046 fibra
315 1979 398 2048 vivis
417 1994 511 2072 rapta
529 1979 718 2073 pectoribus
741 1996 849 2074 potest

124 2087 213 2154 Ciere
233 2112 367 2155 nomen.
395 2088 467 2157 Atia
490 2088 648 2157 tentanda
665 2104 714 2156 est
732 2091 793 2158 via.

127 2201 194 2289 lpse
211 2197 401 2266 evocandus
420 2199 526 2266 noctis
549 2213 677 2268 aeternae
700 2199 805 2293 plagis

126 2308 266 2376 Emissos
283 2309 413 2394 Erebo,
438 2323 475 2378 ut
497 2308 595 2378 cedis
617 2324 786 2377 auctorem
809 2308 942 2378 indicet.

125 2416 308 2486 Reseranda
331 2416 443 2501 tellus;
464 2420 552 2487 Ditis
573 2417 782 2512 implacabile
1097 2441 1135 2492 ³9⁵

123 2528 251 2594 Numen
270 2527 497 2621 precandum,
520 2528 665 2623 populus
683 2528 819 2596 iufernae
835 2529 943 2622 Stygis

123 2637 191 2704 lluc
211 2630 447 2706 extrahendus.
467 2637 559 2724 Ede,
577 2639 630 2706 cui
649 2637 785 2706 mandes
803 2662 945 2706 sacrum.

83 2800 183 2856 semines
200 2821 308 2874 surgere
323 2815 350 2856 et
367 2804 486 2874 effugere
499 2822 581 2858 cona·
665 2806 726 2873 390.
740 2805 793 2858 Nec
806 2823 860 2874 qaoe
874 2815 963 2857 secans.
976 2803 1058 2876 Sopp.
1076 2806 1131 2858 sui·

81 2889 124 2943 tur,
141 2881 184 2933 sad
204 2883 310 2934 frustra.
327 2915 369 2924 -
385 2885 475 2954 Turpes
487 2888 579 2946 trunci,
623 2884 814 2936 melia—Alta
828 2884 897 2946 eceli,
910 2901 1043 2935 summum
1055 2903 1131 2951 aers;

81 2958 134 3025 quid
145 2962 200 3014 scil.
210 2963 314 3031 turpius
325 2979 402 3032 quam
415 2964 498 3015 moles
513 2964 578 3016 orba
621 2963 776 3033 augurium,
789 2978 837 3031 per
848 2962 935 3013 arium
948 2961 1058 3014 volatus.

79 3039 153 3107 eapite
165 3054 193 3093 et
201 3041 288 3094 cultro
302 3042 425 3094 atrociter
439 3043 555 3095 laniata?
662 3043 728 3111 39¹·
743 3041 828 3092 Fibra.
839 3040 1004 3111 Araspiciaa.
1015 3071 1055 3082 -
1065 3043 1131 3094 Vivis
1147 3033 1151 3044 ’

113 3119 554 3190 379.Iaaue,jamextractiseatis.
619 3133 690 3191 rupta
705 3119 849 3190 pectoribus.
865 3119 931 3190 llapi
957 3119 1002 3172 illa
1021 3138 1131 3174 consue·
1181 3174 1182 3177 ,

112 3197 172 3250 tur.
190 3201 252 3268 Quae
270 3211 294 3250 te
307 3201 409 3269 pepulit.
426 3201 513 3264 Quam
528 3220 574 3253 au·
618 3202 704 3263 risse,
727 3213 758 3253 ut
778 3198 903 3270 spirantia
926 3210 953 3251 et
977 3199 1130 3269 palpitantia

78 3272 320 3330 disat-Armenii...
330 3280 385 3330 Vox
393 3292 437 3346 ese,
447 3279 574 3350 intellige,
619 3280 818 3333 consulerentur
832 3278 922 3331 multis
942 3278 1075 3330 rariorum
1090 3280 1130 3333 lo·

78 3369 210 3427 esestquae
222 3356 309 3410 audiri
321 3360 387 3411 solet
398 3361 573 3414 examentis.
617 3360 654 3411 cis
679 3359 825 3429 probatur,
855 3375 970 3429 quorum
997 3359 1129 3428 precipue

76 3461 108 3472 -
118 3436 169 3487 Nec
182 3456 296 3506 aequum,
311 3450 338 3489 et
350 3456 488 3508 nusquam.
619 3437 793 3490 indicarimus
812 3435 844 3490 arl
856 3437 965 3507 Thyest.
985 3436 1053 3505 755,
1070 3437 1126 3507 756

109 3514 173 3568 386.
187 3515 320 3586 Suprema,
334 3531 460 3570 extrema.
476 3519 573 3570 -Fa·
618 3513 699 3578 (edit.
711 3530 780 3570 nost.
796 3517 850 3569 rol.
862 3517 892 3578 Ι,
907 3535 934 3587 p.
951 3505 1027 3584 ²9⁵l·

73 3611 117 3642 uere
128 3613 237 3660 securos,
247 3598 345 3651 timore
357 3597 481 3650 eximere.
658 3597 724 3666 ³9²·
741 3595 825 3657 Cim,
838 3613 963 3657 evocare,
977 3595 1126 3666 explicare,

107 3673 233 3742 387.11a
252 3676 383 3738 invidebis,
409 3689 458 3740 eto.
478 3675 574 3728 Sensus
617 3672 744 3727 indicare.
758 3673 1048 3745 -Nomeuregicida,

72 3762 121 3800 est:
136 3775 146 3794 ·
157 3769 214 3806 non
226 3768 286 3807 sunt
295 3755 350 3808 baec
360 3768 478 3807 extrema
488 3756 574 3820 muln
659 3754 725 3821 393.
741 3753 804 3822 Ipse.
828 3755 878 3806 Per
900 3754 1122 3816 necromantiam,

70 3845 153 3882 rerum
167 3850 200 3884 ea
218 3833 377 3897 imminent,
395 3835 489 3906 quaesi
504 3853 571 3904 prae·
618 3833 659 3885 rel
672 3832 854 3886 sciomsntiam
873 3831 1021 3887 evocandus
1037 3845 1075 3884 est
1091 3833 1125 3886 ab

69 3911 179 3962 sentibus
202 3914 381 3975 conferantur,
403 3915 472 3966 bona
496 3926 571 3978 aaut,
616 3912 708 3964 inferis
723 3912 817 3976 Laius,
838 3912 878 3964 rel
899 3911 1072 3964 umbraLsii.
1087 3941 1126 3952 —

67 3983 197 4060 bubusque
213 4011 259 4044 cur
270 3991 312 4044 liis
322 3992 448 4045 inrideas.
459 4017 470 4038 ι
616 3992 689 4044 Nece.
706 4003 788 4043 uteru.
803 3992 874 4061 plag.
889 3991 1063 4060 Regiouibus,
1079 3988 1126 4041 ubi

103 4069 167 4122 388.
182 4070 218 4139 Q
227 4089 312 4130 mum,
320 4073 375 4141 jam
386 4090 489 4142 expone
498 4071 572 4143 quod
616 4085 708 4142 regnat
723 4089 777 4122 nox
791 4083 897 4123 aterna.

66 4159 144 4198 unam
161 4148 258 4202 medii
273 4150 340 4204 scire
355 4151 457 4202 volunt.
658 4151 724 4219 397.
742 4150 805 4202 Eds.
820 4147 957 4218 OEdipurn
972 4145 1127 4217 alloquitur.

130 4249 185 4314 II.
896 4323 899 4331 Α
967 4269 1003 4312 rr
