3042 5190
273 443 276 451 '
335 474 359 546 e
627 477 666 546 ι.
693 477 876 548 toust
901 477 1110 551 sarraca

461 606 564 672 Vacat
583 599 759 686 immunis,
781 623 847 693 qun
868 601 999 670 curvati

454 713 568 782 Litora
588 711 685 804 ponti
703 710 831 782 Sunion
850 725 958 808 urget.

454 823 490 892 Si
511 846 609 916 quem
631 821 736 914 tangit
755 818 861 915 gloria
879 819 989 908 silvae,

455 935 564 1001 Vocat
583 932 673 1000 huno
692 928 854 1025 Phlyeus;
876 931 932 1000 hic
950 945 1103 1002 versatur

455 1044 567 1112 Metus
586 1039 761 1136 agricolis,
781 1041 917 1112 vulnere
934 1038 1042 1110 multo

453 1155 528 1222 lam
544 1167 644 1221 notus
662 1176 753 1245 aper.
776 1155 821 1222 At
839 1176 897 1220 vos
916 1149 1006 1221 laxas

456 1263 604 1332 Canibus
623 1263 731 1332 tacitis
748 1262 871 1331 mittite
887 1260 1045 1332 habenas.

456 1377 607 1444 Teneant
625 1396 717 1442 acres
738 1370 809 1442 lora
825 1369 1006 1456 Molossos,

455 1485 499 1552 Et
520 1508 689 1578 pugnaces
705 1482 844 1553 tendant
862 1485 980 1552 Cretes

457 1593 569 1661 Fortia
594 1593 672 1662 trito
690 1591 823 1662 vincula
843 1591 941 1662 collo.

453 1703 498 1770 At
515 1704 697 1796 Spartanos
713 1699 842 1796 (genus
857 1717 908 1770 est
925 1699 1035 1772 audax
1380 1728 1405 1766 ss

334 1841 482 1899 Titanidem
494 1843 606 1910 dictum,
616 1845 662 1898 ubi
668 1845 787 1899 Theseus
798 1845 850 1899 He·
890 1843 934 1906 6ης
946 1849 958 1897 ὁ
972 1845 1074 1910 thuein
1084 1841 1156 1896 Vide
1167 1841 1276 1896 Meursii
1290 1844 1406 1916 populos

335 1925 423 1978 lenam
447 1939 548 1996 raptam
573 1925 725 1979 occultavit.
742 1925 849 1978 Nomen
889 1923 1255 1988 Atticae.Gnors.-Hie,in
1269 1922 1406 1977 baesilra.

337 2006 466 2077 accepite
484 2003 581 2058 Thesei
597 2005 684 2069 socio,
706 2003 849 2076 Aphidna,
932 2021 975 2073 ²9·
991 2005 1071 2056 Mauo
1084 2003 1215 2074 agricolis,
1227 2015 1277 2056 etc.
1291 2003 1332 2058 ct.
1343 2021 1406 2056 cum

334 2083 369 2138 de
387 2104 442 2158 qno
462 2085 597 2138 Plutarch.
610 2087 637 2138 in
650 2083 787 2138 Tbes.·ed.
803 2086 848 2138 eit.
890 2101 957 2156 apro
971 2083 1128 2161 Calydonis,
1143 2081 1223 2136 Orid.
1239 2083 1303 2136 Mat.
1320 2085 1406 2154 Epist.

335 2183 364 2237 p.
376 2167 420 2219 15.
428 2163 493 2218 vid.
501 2165 582 2219 Diod.
595 2165 648 2219 Sic.
660 2165 709 2218 lib.
720 2166 770 2229 w,
787 2181 847 2236 cap.
891 2165 957 2230 XX,
977 2181 1038 2217 tor.
1052 2197 1090 2206 -
1104 2163 1207 2216 Vulnere
1218 2163 1292 2216 multo
1301 2204 1309 2228 ,
1325 2162 1407 2230 dato,

334 2264 424 2312 ux1113
448 2245 558 2300 Pausan.
574 2245 601 2298 in
615 2244 700 2298 Attio.
717 2257 743 2296 et
760 2245 848 2298 Strab.
890 2263 995 2316 sparso,
1014 2243 1042 2296 ni
1061 2243 1195 2310 fallimur,
1216 2244 1306 2314 potius
1325 2261 1408 2316 quam

336 2326 385 2379 lib.
399 2325 456 2389 lX,
471 2325 588 2389 Achaia,
599 2323 642 2377 ed.
655 2325 699 2378 cit.
710 2343 770 2396 pag.
784 2326 848 2392 396.
892 2336 1011 2395 accepto.
1026 2323 1179 2394 Utrumque
1197 2324 1327 2394 proponit
1350 2341 1410 2376 aen·

337 2405 488 2478 Stephanus
514 2401 594 2458 docet
621 2401 772 2474 Aphidnum
796 2403 850 2456 dit·
892 2421 950 2458 anm
963 2403 1128 2470 'Farnabiue3
1145 2403 1260 2474 priorem
1275 2404 1409 2476 interpres

338 2487 409 2540 ferre
431 2483 464 2536 ab
479 2482 620 2553 Aphiduis.
645 2514 684 2525 -
707 2483 771 2534 Pura
794 2483 851 2547 illo,
892 2483 1008 2555 gallicus.

337 2563 406 2620 adds·
419 2589 430 2611 ι
442 2561 525 2628 ruris,
536 2581 703 2634 camporum.
715 2563 850 2626 ·-Do,
916 2567 920 2575 '
935 2564 978 2617 (lo.
987 2562 1032 2616 Ar.
1041 2563 1172 2616 Particula
1182 2561 1348 2634 quaindieat,
1358 2581 1411 2633 per

336 2642 504 2718 jamdudum.
893 2643 984 2714 gdoriae
997 2660 1114 2695 amorem
1129 2660 1183 2696 non
1198 2641 1411 2713 prohibendum,

381 2725 427 2777 ab.
436 2723 564 2784 immunis,
575 2738 590 2772 a
601 2735 690 2774 nostra
701 2721 851 2776 venatione.
895 2722 960 2794 quin
973 2733 1083 2775 careant
1094 2736 1120 2775 et
1132 2721 1276 2793 prudentes
1287 2724 1347 2776 sint.

380 2807 426 2856 26.
440 2803 516 2856 Ponti
524 2839 531 2865 ‚
544 2800 625 2854 scilic.
641 2803 731 2872 AEgrei.
750 2833 790 2845 -
803 2801 851 2854 Su·
938 2803 984 2856 ³1.
999 2803 1099 2855 Tacitis.
1122 2803 1183 2854 Non
1197 2804 1294 2873 argutis
1306 2801 1412 2856 elamo-

338 2889 403 2936 ru'oo.
412 2881 630 2936 promontorium
640 2881 852 2954 Atticae,dequo
893 2882 974 2947 aisse,
985 2894 1015 2934 ut
1029 2895 1091 2935 sunt
1104 2881 1222 2934 Molossi.

339 2962 506 3036 Pomponius
518 2961 602 3025 Mela,
614 2961 661 3013 lih.
670 2963 753 3014 ll.·-
763 2962 853 3032 Urget,
936 2963 981 3014 32.
995 2963 1070 3014 Aeros
1081 2962 1207 3018 Molossos.
1218 2959 1300 3014 Aliud
1312 2981 1413 3014 carrum

339 3043 449 3115 proprie
469 3038 572 3094 dictum
594 3039 628 3093 de
650 3041 852 3110 promontorioa
893 3059 978 3112 genus
994 3041 1045 3095 alia
1058 3043 1184 3113 qualitate
1201 3040 1329 3111 designat.
1343 3042 1413 3112 Epi·

340 3141 423 3196 quum
436 3120 537 3174 Sunion
549 3120 655 3191 longius
666 3138 721 3173 sese
731 3121 758 3173 in
768 3120 852 3173 altum
894 3121 972 3174 rotiei
987 3139 1064 3174 canes
1075 3134 1137 3174 sunt
1148 3121 1256 3173 Molossi
1273 3122 1320 3191 qui
1334 3122 1415 3174 lorti·

339 3201 570 3274 provebat‚maris
581 3219 608 3253 se
615 3199 714 3252 circum
724 3200 854 3255 flectentis
896 3199 989 3254 tudine
1003 3201 1160 3265 laudantur,
1177 3213 1207 3253 ut
1224 3201 1346 3271 Spartani
1361 3221 1414 3254 seu

338 3283 416 3335 litora
427 3291 512 3350 urget,
530 3278 625 3343 idest,
644 3293 795 3349 promovet,
810 3279 852 3332 rel
894 3281 1028 3345 Lacones,
1038 3281 1186 3334 velocitate.
1201 3281 1288 3333 Faus.

338 3371 502 3424 summovet,
517 3371 548 3412 ut
558 3359 595 3412 ait
608 3359 748 3424 lioratius,
763 3362 851 3414 earm.
938 3361 972 3415 33
986 3379 1026 3432 sq.
1041 3361 1224 3430 Etprrgouees,
1242 3366 1292 3414 etc.
1310 3359 1417 3415 Sensus

338 3441 381 3506 ll,
399 3439 452 3494 Od.
464 3457 550 3502 ιιιιι,
567 3458 611 3491 ιο.
894 3451 1068 3494 est2etcanes
1077 3441 1184 3506 Cretes,
1195 3459 1277 3512 genus
1288 3458 1417 3510 pugnax,

382 3539 427 3590 ²7·
447 3519 476 3572 Si
494 3537 560 3590 quem
582 3521 663 3588 tangit
680 3519 853 3589 gloriositate.
894 3517 1020 3583 tendant,
1037 3519 1197 3585 extendant,
1221 3519 1334 3573 venandi
1359 3521 1420 3573 im-

340 3599 479 3669 intellige:
496 3598 547 3650 ·Si
561 3615 641 3670 quem
656 3600 738 3671 tangit
752 3617 782 3651 ea
795 3599 851 3669 glo·
895 3600 1026 3670 patientes
1041 3601 1188 3667 excutiant,
1207 3600 1312 3652 vincula
1331 3599 1421 3656 fortia

338 3681 376 3734 ria
389 3679 487 3750 quasin
500 3677 586 3742 silvis,
605 3677 633 3730 id
652 3691 705 3743 est,
721 3679 749 3731 in
768 3695 850 3732 venas
895 3680 993 3752 quibus
1006 3679 1104 3752 teritur
1117 3681 1239 3751 ipsorum
1256 3679 1364 3732 collum.

339 3761 413 3814 lione
430 3757 545 3810 silvatica
560 3771 645 3828 potest
658 3759 819 3829 comparari.
836 3783 847 3805 ·
937 3759 983 3812 35.
999 3761 1042 3811 Aa.
1053 3759 1208 3832 Opponitur
1219 3759 1335 3812 libertati
1350 3777 1422 3830 qun

382 3841 426 3894 28.
441 3837 556 3908 Phlyeus.
570 3838 597 3888 Is
610 3833 690 3908 δῆμος
705 3843 749 3900 τῆς
758 3843 851 3891 Πτολε·
894 3838 925 3892 fit
947 3838 1170 3910 precedentibus.
1198 3871 1238 3882 -
1265 3839 1421 3910 Spartanos.

340 3913 431 3990 pauido<
448 3921 535 3989 φυλῆς,
547 3928 577 3968 ut
595 3917 760 3988 Hesychius,
777 3919 851 3979 ἢτῆς
894 3919 1018 3990 Spartani
1033 3937 1078 3972 seu
1091 3919 1216 3972 hunnici
1227 3937 1303 3972 canes
1312 3918 1346 3972 ab
1355 3919 1422 3974 Eu·

338 3994 509 4068 hesperides,
523 4009 553 4049 ut
567 3996 769 4068 Harpocration.
789 3997 850 4050 Ari·
894 3997 1006 4062 atnthio,
1027 3999 1186 4052 Aristonem
1211 3999 1237 4050 in
1267 3999 1423 4070 Epistolia,

338 4071 540 4148 stophl'eepis,
552 4079 637 4142 acui,
651 4095 686 4129 sc.
696 4095 746 4140 ιιι,
761 4095 800 4131 ιι.
815 4077 829 4130 5
842 4099 848 4129 :
895 4079 1021 4150 Oppiano
1039 4091 1064 4132 et
1080 4079 1239 4132 Nemesiano
1252 4078 1281 4131 iu
1292 4079 1424 4152 Cynege-

338 4153 471 4228 Εὐιργίδης
486 4148 525 4227 dp’
537 4155 590 4210 ieri
600 4161 647 4210 ποῦ
660 4157 778 4214 ἰταῦθ’ἣ
794 4158 850 4211 Xu'·
895 4158 968 4224 titis,
986 4156 1051 4224 105,
1066 4158 1164 4229 virgil.
1177 4159 1276 4230 Georg.
1290 4159 1349 4226 111,
1360 4166 1420 4228 44,
