3042 5156
377 531 633 602 TROADES.
659 534 770 603 ACT.
796 536 848 604 ΙΙ.
1076 529 1146 604 265

129 653 227 725 Unde
250 651 306 722 ilia
329 652 459 724 oecidit.
479 657 616 741 Fateor,
638 652 817 749 aliquando
837 657 1002 752 impotens

128 769 247 860 Regno
265 789 304 833 ac
322 764 505 860 superbus,
524 762 624 833 altius
643 780 766 833 memet
786 763 868 856 tuli3

129 875 194 946 sed
212 874 312 972 fregit
327 873 400 944 ilios
418 874 553 969 spiritus
570 873 657 963 haec,
675 900 750 970 quae
767 876 846 946 dare

129 985 293 1057 Potuisset
311 983 388 1068 alii,
402 1008 522 1072 cauea,
541 987 697 1054 Fortuna.
714 984 818 1058 favor.
1110 1020 1149 1062 η.

128 1101 182 1168 Tu
201 1121 256 1165 me
272 1095 469 1190 superbum,
487 1093 645 1166 Priame?
663 1109 699 1164 tu
719 1095 871 1165 timidum
890 1095 980 1170 sacis.

128 1211 203 1303 Ego
221 1231 291 1276 esse
308 1206 489 1301 quidquam
509 1220 659 1302 sceptra,
675 1206 738 1274 nisi
760 1231 845 1275 vano
864 1221 976 1302 putem

129 1315 275 1411 Fulgore
295 1330 420 1385 tectum
441 1341 584 1402 nomen,
602 1331 636 1384 et
657 1313 739 1385 falso
760 1341 889 1385 comam

128 1425 253 1494 Vinclo
268 1425 462 1495 decentem?
480 1429 585 1496 Casus
600 1425 669 1496 haec
686 1427 790 1521 rapiet
802 1427 933 1514 brevis;

129 1537 202 1604 Nee
221 1533 313 1604 mille
334 1535 444 1636 forsan
465 1535 611 1623 ratibus,
633 1550 691 1605 aut
709 1537 806 1605 annis
826 1535 964 1606 decern:
1111 1555 1149 1609 ²⁷⁵

131 1649 210 1717 Non
228 1645 383 1714 omuibus
399 1649 546 1715 Fortuna
564 1661 631 1714 tam
652 1645 740 1715 lenta
758 1647 918 1716 imminet.

131 1755 295 1850 Equidem
314 1754 445 1850 fatebor
464 1755 570 1850 (pace
586 1755 705 1824 dixisse
726 1756 882 1844 hoctun,

132 1867 256 1960 Argiva
278 1865 398 1950 telius,
424 1863 546 1952 liceat)
568 1865 670 1960 affligi
690 1865 838 1959 Phrygas

132 1975 298 2070 Vincique
317 1973 406 2042 volui
425 1999 433 2042 :
453 1999 570 2062 ruere,
589 1990 622 2043 et
639 1974 763 2068 aequari
782 1973 873 2058 solo,

133 2084 241 2152 Etiam
258 2084 437 2153 arcuissem
453 2109 461 2152 t
477 2083 535 2152 sed
554 2085 621 2178 regi
645 2084 746 2152 frenis
763 2083 880 2176 nequit

133 2195 176 2262 Et
191 2193 256 2278 ira,
278 2206 312 2262 et
329 2191 448 2262 ardens
467 2193 591 2280 hostis,
610 2207 644 2262 et
660 2193 797 2262 victoria

129 2415 193 2482 269.
213 2411 293 2476 Hae,
311 2433 364 2485 qua
379 2414 439 2467 dare
458 2415 595 2482 Potuisset,
639 2416 740 2471 utrovis
761 2411 843 2468 modo
864 2414 950 2486 tegna,
965 2412 1093 2467 sententia
1109 2413 1148 2467 ie·

91 2503 137 2546 tto.
150 2491 244 2548 Ordo:
260 2492 325 2547 Hoeo
335 2513 411 2547 cauae
424 2512 483 2567 qua
494 2497 595 2567 potnia-
638 2513 668 2549 re
679 2495 773 2550 eodem
791 2493 869 2548 redit.

91 2583 126 2623 tet
140 2573 185 2626 aiii
197 2571 263 2626 dure
275 2573 400 2644 spiritus,
420 2575 480 2627 iltoa
496 2576 574 2646 fregit
587 2597 593 2627 :
679 2576 826 2645 anselm
837 2573 918 2626 vincio
929 2573 1055 2626 demutent.
1065 2571 1147 2639 Quod

90 2667 181 2725 nempe
194 2653 307 2706 ior-tunae
320 2654 404 2718 favor,
422 2651 457 2705 de
471 2673 525 2725 quo
540 2653 595 2710 vid.
638 2653 787 2708 diademate
801 2653 942 2708 decoratur
955 2652 1095 2706 mendaci:
1108 2667 1148 2707 et·

91 2729 178 2786 Horat.
190 2732 243 2786 Od.
257 2732 281 2797 Ι,
295 2733 346 2797 34,
365 2740 412 2797 143
423 2735 475 2798 ΙΙΙ,
489 2751 535 2802 29,
549 2735 592 2788 50.
639 2735 708 2787 enim
718 2735 835 2788 laetitiam
849 2746 876 2786 et
890 2732 1040 2786 felicitatem
1049 2733 1148 2786 extrin-

128 2829 194 2882 ²7¹·
212 2815 251 2865 Fu
265 2831 301 2863 me
319 2814 460 2880 saepedum,
475 2813 594 2865 Priame?
638 2831 721 2877 neena,
732 2831 843 2883 angores
851 2825 939 2864 autem
952 2813 1023 2863 intua
1031 2824 1057 2863 et
1070 2829 1146 2864 cuma

91 2899 115 2940 ta
127 2892 233 2944 timidum
243 2892 319 2958 sucis.
334 2892 372 2944 Ut
387 2903 426 2945 eat
442 2892 529 2957 locus,
541 2911 595 2964 quo
638 2893 725 2946 habet.
740 2924 780 2935 -
793 2893 870 2945 Casus
884 2891 1023 2943 drenleve!
1038 2890 1149 2960 rupidit-

90 2971 224 3038 posuimus
237 2972 486 3040 interrogationem,
504 2989 596 3026 eensm
638 2973 702 3025 aima
714 2969 992 3024 iortrrnaeimmotatio.

89 3061 145 3102 en:
162 3076 175 3099 ι
192 3051 258 3103 Aliis
273 3049 331 3103 hare
345 3050 453 3106 victoria
469 3052 594 3104 ferociam
682 3051 746 3121 ²7⁵·
764 3051 816 3104 Nee
830 3051 895 3102 mille
908 3049 1009 3113 ratibus,
1019 3061 1070 3102 ete.
1080 3048 1148 3121 Sup-

90 3139 113 3178 et
124 3127 253 3182 immanes
266 3129 375 3201 spiritus
388 3127 479 3183 daret:
495 3149 539 3184 me
550 3149 596 3183 ve·
638 3131 682 3202 ple
695 3151 759 3196 cum,
773 3142 820 3184 aut
836 3127 1023 3200 aeis'aoaetibus:
1034 3147 1083 3182 neo
1096 3128 1147 3182 erit

88 3223 117 3258 ro
131 3219 178 3274 tu,
198 3208 349 3274 ol'riame‚
364 3210 510 3280 superbum
526 3211 596 3264 iace·
638 3211 726 3264 foram
747 3228 816 3282 opus
840 3225 994 3280 comparare
1014 3205 1089 3262 mille
1108 3227 1148 3262 ra-

87 3293 135 3338 re?
154 3301 260 3342 tantum
275 3289 362 3354 abeat,
385 3301 416 3342 ut
430 3289 508 3342 etiam
527 3289 597 3343 timi·
639 3302 695 3355 tea,
708 3307 864 3343 ooneumare
877 3307 959 3342 onnoa
974 3286 1075 3341 decem.

88 3363 190 3420 diorum
203 3369 292 3421 iadau.
312 3400 354 3410 —
370 3368 399 3421 Si
412 3368 596 3440 interrogatio·
681 3373 746 3440 276.
762 3368 928 3422 Fortunali.
944 3387 968 3421 a.
982 3367 1088 3420 fortuna
1099 3365 1147 3420 ad·

87 3447 123 3498 nia
135 3459 203 3500 nota
217 3448 279 3500 hine
295 3447 412 3511 tollatur,
425 3465 516 3500 unaue
524 3450 575 3501 erit
587 3469 594 3500 ε
639 3466 723 3501 verae.
739 3478 780 3489 -
792 3449 853 3500 Tam
873 3450 1038 3518 lereta‚quam
1053 3447 1147 3518 Troja-

90 3549 101 3570 ·
113 3539 208 3581 nonu
224 3525 257 3580 de
279 3539 319 3589 te,
340 3527 467 3592 Priame,
486 3528 596 3582 victoria
639 3529 688 3581 nia.
704 3529 824 3592 -Hoc‚
834 3527 943 3592 scilieet,
957 3523 1030 3598 quod
1045 3528 1147 3579 arcuis-

85 3623 138 3659 uou
157 3619 263 3660 tantum
276 3605 389 3671 efferre,
402 3605 447 3659 aed
466 3618 492 3658 et
507 3605 598 3678 depri·
640 3625 694 3660 aem
710 3608 819 3678 Trojam
834 3606 931 3677 aequari
943 3607 1008 3660 eolo.

85 3701 155 3738 mere
179 3685 303 3740 animum
323 3703 413 3738 meum
431 3686 509 3739 valen
526 3687 595 3740 Dum
681 3687 856 3756 278.'Affltgt
870 3687 909 3739 Da
923 3684 1148 3757 nimiopoteatatia

84 3765 153 3818 enim
164 3777 193 3818 te
201 3777 329 3836 tuamque
339 3765 471 3818 fortunam
480 3766 598 3830 intueor,
640 3766 743 3836 fastigio
758 3764 873 3818 detrudi.

84 3845 240 3916 exemplum
252 3845 317 3897 mihi
333 3845 436 3914 prebes
449 3845 598 3898 inconstan·
683 3847 745 3898 280.
759 3847 852 3898 Euam.
865 3843 939 3897 ldem
952 3863 1001 3914 ego
1012 3843 1060 3915 qui
1074 3843 1147 3896 votui

83 3922 124 3974 ti·
132 3922 599 3997 rer-umhumanarum:ut‚aiquan·
641 3923 755 3978 afflictos
772 3925 890 3997 Phrygas
914 3937 940 3977 et
961 3923 1088 3976 devictos.
1108 3949 1149 3962 --

9 4049 10 4058 2
82 4000 117 4055 do
133 4004 225 4074 gloria
240 4004 449 4068 efferat,atatim
466 4023 509 4058 me
527 4005 600 4058 cohi·
642 4004 795 4066 Arniensem,
817 4003 961 4074 prohibere
987 4001 1146 4065 voluissem,

9 4131 10 4144 ,
82 4081 174 4151 hm,
192 4081 392 4155 moderaneque
410 4083 529 4150 animoa,
542 4103 597 4137 me·
642 4083 835 4155 prohibuissem
845 4084 867 4137 ri
878 4079 1149 4153 potuissem-negt

9 4183 11 4222 t
84 4169 154 4216 tuam
185 4161 315 4217 odvmaoe
342 4181 425 4218 caena.
451 4164 598 4232 Ceterum,
638 4165 725 4231 frenis,
739 4163 879 4236 temperari
890 4161 942 4214 uda
953 4161 1019 4231 lege.
