3124 5162
376 495 448 580 428
676 495 714 568 L.
742 502 912 573 ANNAEI
928 503 1144 575 ·SENECAE

423 618 554 688 Exisset
572 634 685 709 utero,
706 620 823 716 hisque
841 640 994 719 septenos
1012 649 1127 720 pererro

423 732 527 800 Natos
546 727 715 800 tulissem!
737 732 858 804 sterilis
875 735 911 804 in
933 760 1047 829 poenus
1063 736 1122 806 fui.

424 839 532 908 Fratri
556 841 710 935 patrique
727 844 818 935 quod
835 860 976 930 estest,
1001 848 1115 941 peperi
1138 847 1233 917 duos.

423 951 583 1040 Quonam
604 951 666 1020 ista
685 953 791 1022 tendit
806 955 904 1023 turbe
922 956 1097 1025 Furiarum
1117 957 1306 1051 impotens?

424 1063 535 1150 Quem
554 1062 694 1153 quaerit?
714 1078 772 1132 eut
787 1089 855 1159 quo
874 1065 1044 1135 flammeos
1065 1067 1150 1136 ictus
1169 1069 1288 1164 purat?
1553 1161 1554 1170 ἵ

421 1173 490 1239 Aut
511 1171 565 1239 cui
588 1187 741 1242 cruentas
761 1198 881 1267 agmen
900 1174 1067 1244 infernum
1087 1175 1174 1244 limes
1401 1199 1441 1248 oto
1553 1203 1554 1212 ¹

426 1279 597 1349 intentat?
617 1282 736 1376 ingens
753 1285 872 1377 unguis
890 1307 1028 1352 excusso
1043 1299 1140 1354 sonat

423 1392 545 1460 Tortus
569 1390 702 1486 flagello
719 1418 727 1460 :
746 1417 844 1486 quem
864 1395 958 1462 trabe
980 1393 1098 1464 infesta
1119 1397 1204 1488 petit

423 1502 592 1594 Megaem?
618 1503 711 1594 cujus
734 1503 852 1572 umbra
875 1503 1030 1598 dispersis
1051 1505 1141 1574 venit

422 1612 553 1713 Incerta
572 1612 754 1681 membris?
769 1613 873 1682 frater·
889 1628 939 1682 est
956 1639 965 1682 ε
981 1639 1096 1709 poenos
1116 1615 1218 1716 petit:

418 1771 484 1840 956.
498 1774 585 1826 Notos.
604 1774 678 1836 Quot
694 1771 788 1826 Medea
813 1775 882 1828 lilios
926 1776 972 1847 qui
985 1788 1044 1828 sont
1055 1785 1221 1845 conserpents
1230 1771 1276 1843 qui
1287 1771 1440 1826 sifflentsur

375 1851 513 1916 habuerit,
531 1871 563 1906 ex
586 1853 744 1906 Parmenisei
768 1867 795 1906 et
817 1854 883 1909 elio·
927 1859 1088 1910 vorterent·

376 1950 434 1984 rum
447 1932 582 1986 sententiis
595 1933 675 1986 refert
686 1932 775 1986 Schol.
787 1933 883 2006 Eurip.
967 1939 1036 2004 961.
1051 1935 1139 2002 Ingens
1159 1935 1254 2000 anguis.
1269 1931 1312 1984 Cf.
1326 1931 1438 2002 Thyest.

377 2011 404 2063 in
420 2011 533 2065 Medea:
554 2011 602 2064 hos
617 2031 721 2077 omnes,
734 2031 787 2064 uno
800 2013 884 2066 Thes·
926 2033 963 2066 vs.
977 2017 1030 2084 96;
1043 2015 1123 2066 Herc.
1144 2012 1206 2063 Fur.
1221 2029 1260 2062 ve.
1278 2011 1314 2064 88
1334 2023 1364 2063 et
1376 2029 1439 2064 ror.

375 2091 430 2142 selo
446 2089 884 2164 excepturiMedeonocotosscri·
926 2093 997 2146 Visis
1021 2091 1108 2145 furiis
1132 2103 1158 2144 ct
1180 2087 1272 2142 andito
1295 2089 1437 2143 verberum

375 2171 416 2224 bit
430 2170 541 2226 Diodor.
552 2171 600 2224 lib.
613 2173 662 2236 lv,
681 2171 731 2226 55:
748 2169 793 2224 sed
806 2173 884 2228 AElie·
925 2191 1007 2237 sono,
1028 2171 1063 2224 ed
1079 2171 1206 2224 insoniunt
1221 2169 1350 2222 homiues
1368 2166 1437 2239 seligi

375 2269 439 2316 nus,
450 2253 514 2304 Vsn
536 2252 635 2304 ilistor.
653 2249 700 2303 lib.
712 2251 748 2316 V,
762 2269 819 2322 esp.
836 2253 883 2306 ult.
926 2249 1070 2305 credebant
1080 2263 1198 2313 veteres,
1213 2261 1244 2301 ut
1254 2260 1329 2320 petet
1341 2267 1374 2302 ex
1386 2248 1438 2302 hor

376 2330 457 2384 refert
472 2351 516 2384 eos
536 2349 551 2384 u
569 2329 714 2384 Corinthiis
729 2330 883 2384 interemtos
924 2330 933 2381 i
937 2347 985 2400 pso
997 2331 1067 2392 loeo,
1076 2343 1103 2383 et
1114 2327 1221 2382 Hercul.
1232 2327 1296 2380 Fur.
1310 2347 1349 2379 vs.
1363 2331 1436 2397 892:

376 2409 454 2462 luisse
467 2429 474 2461 ε
488 2409 630 2464 Pnusnnius
646 2409 674 2462 in
694 2410 882 2474 Corinthiacis,
925 2433 936 2454 ι
950 2410 1117 2462 Flammifera
1135 2408 1248 2478 Erinnys
1266 2407 1378 2461 verbere
1394 2426 1438 2460 ex·

298 2499 300 2504 ’
375 2488 508 2558 lapidibus
534 2491 644 2542 obrutos
671 2503 780 2561 propter
805 2491 883 2544 allate
923 2501 1101 2554 consumunt,
1115 2501 1181 2540 etc.-

375 2565 480 2622 Creusre
491 2565 745 2622 munere-Sternet
760 2574 785 2620 in
797 2589 881 2638 panes
966 2569 1032 2638 963.
1052 2569 1173 2638 Megoera.
1197 2565 1302 2636 Μεγάλη
1326 2567 1374 2635 ‘'l“
1394 2569 1437 2618 ui

369 2647 420 2712 sui.
448 2647 479 2699 ld
500 2661 554 2712 est,
576 2645 671 2699 sterilis
696 2647 763 2699 milri
789 2647 883 2702 videor
925 2650 1085 2720 μιγαὶριυσιι.
1102 2647 1286 2715 -ὓὶιρινιίι,
1303 2645 1343 2697 Ut
1360 2663 1439 2698 cures

376 2725 503 2791 suisse,si
518 2725 551 2778 nd
569 2740 803 2798 perrumpentem,
818 2745 883 2800 quus
924 2729 1089 2799 effectusque
1122 2725 1220 2790 enimi,
1252 2724 1288 2777 ite
1316 2727 1437 2795 corporis

375 2805 453 2857 velim
466 2819 595 2876 repetere.
925 2808 1065 2861 vulnerum
1076 2804 1175 2858 iudicis
1188 2817 1248 2874 post
1260 2816 1373 2856 mortem
1385 2823 1439 2856 rne-

417 2886 482 2958 957.
503 2887 580 2938 Duos.
596 2887 810 2940 Consentaneum
827 2886 882 2940 hoc
925 2905 991 2940 nere
1005 2887 1108 2956 lingunt
1123 2896 1217 2956 poete.

374 2977 412 3017 est
429 2963 563 3037 Euripidis
575 2965 721 3020 traditioni.
732 2967 827 3020 Inscius
839 2985 883 3019 eos
968 2969 1035 3036 966.
1048 2967 1153 3018 incerta.
1165 2965 1253 3028 Quem
1264 2964 1348 3036 prims
1364 2963 1438 3016 facie

373 3045 535 3098 Mermerum
552 3060 578 3100 et
594 3047 749 3111 Pheretern3
763 3045 883 3116 Hyginus
925 3046 970 3099 vix
988 3063 1110 3117 agnosco.
1123 3075 1162 3086 -
1179 3044 1278 3095 Frater.
1288 3043 1440 3114 Absyrtus,

375 3124 519 3177 Macarium
542 3139 567 3179 et
593 3127 734 3178 Pheretum
754 3125 881 3195 appellen
924 3143 1003 3197 quem
1017 3123 1179 3182 conveniunt
1196 3141 1289 3174 ornnes
1302 3121 1336 3173 eb
1349 3122 1438 3191 impia

373 3202 417 3254 ulii
426 3203 515 3256 aliter:
526 3203 571 3257 sed
579 3204 643 3277 quid
652 3203 684 3257 ed
692 3223 747 3256 rem
757 3203 881 3256 nomino?
924 3223 1015 3258 sorore
1031 3205 1156 3256 luniutum
1174 3223 1181 3252 :
1200 3201 1248 3255 sed
1265 3199 1396 3254 Pacuvius
1409 3213 1438 3252 et

415 3283 481 3350 958.
499 3285 618 3352 Quonam.
636 3284 692 3336 Sibi
710 3303 758 3353 per
771 3282 880 3352 phanu-
924 3283 1058 3337 Diodorut
1074 3281 1221 3351 AEgisleum
1241 3292 1339 3333 vocant
1355 3281 1439 3350 :ple-

373 3361 438 3413 sinm
458 3363 563 3416 videtur
585 3363 676 3416 Furios
699 3361 805 3426 ridere,
815 3381 880 3416 mox
924 3363 1002 3434 rique
1017 3363 1112 3414 volunt
1126 3361 1206 3413 luisse
1221 3377 1377 3430 germanum
1387 3359 1438 3412 irn-

372 3440 458 3494 sretris
472 3444 601 3496 umbram.
618 3475 659 3485 -
668 3443 759 3494 Turbo.
773 3442 880 3496 Hercul.
924 3455 1000 3507 trem,
1013 3439 1158 3512 Sophocles
1171 3441 1307 3492 uterinum
1322 3451 1439 3490 tantum.

373 3521 435 3572 Fur.
452 3541 489 3575 vs.
506 3539 571 3586 ποις
586 3523 694 3595 Thyeet.
709 3539 747 3574 vs.
761 3525 808 3592 78.
911 3523 1056 3574 'Timonox
1077 3533 1102 3573 et
1116 3521 1282 3590 Apollonius·
1295 3519 1330 3570 ob
1342 3518 1440 3572 forma

413 3601 479 3669 959.
495 3601 559 3669 Quo.
572 3600 614 3654 Ad
628 3619 706 3676 quem
719 3601 808 3654 linem.
925 3600 1101 3673 prestantium
1112 3595 1307 3651 Phaethontem
1316 3597 1443 3649 nomine·

412 3683 477 3748 960.
492 3681 546 3732 Aur
564 3687 732 3734 cur'urucntus.
749 3679 878 3734 Similiter
923 3693 996 3734 runt.
1011 3677 1127 3746 Quidem
1148 3677 1244 3732 Mede·
1266 3689 1329 3730 netu
1350 3679 1442 3746 mejo-

369 3759 441 3828 npud
458 3760 606 3813 Nostrntem
618 3761 766 3824 Rncinium,
777 3759 881 3813 Orestes
923 3779 979 3813 rem
991 3760 1098 3822 iaciunt,
1107 3759 1206 3829 quilius
1214 3756 1284 3808 feret
1291 3757 1351 3806 var.
1362 3752 1444 3810 Flan-

369 3836 457 3891 Furiis
467 3839 592 3908 agitatus,
612 3839 736 3892 terribilia
754 3840 804 3892 sibi
820 3851 881 3891 unte
923 3857 970 3893 cus
983 3858 989 3892 ι
1000 3836 1188 3909 Pherecydes·
1203 3835 1296 3889 Medea
1311 3853 1342 3887 ex
1357 3838 1444 3890 cunis

369 3919 461 3972 oculos
480 3919 556 3988 lingit
571 3919 768 3990 phantasmntn,
788 3931 814 3971 et
826 3937 874 3996 ex·
921 3918 1081 3971 infantulum
1100 3918 1249 3976 sublatum,
1270 3928 1296 3967 et
1316 3914 1345 3966 in
1365 3917 1444 3968 mari

367 4001 479 4061 cierunt,
498 3997 674 4051 Andromach.
689 4000 782 4058 conv,
797 4017 874 4050 scene
919 4011 1011 4071 postes
1028 4009 1149 4050 necatum
1165 3993 1284 4048 tradidit.
1300 3993 1385 4058 Quod
1402 4007 1446 4048 ta-

369 4079 479 4131 ultimn:
502 4106 512 4126 ·
528 4079 568 4130 Eh
588 4078 664 4130 bien!
682 4075 747 4128 filies
764 4075 875 4141 (lenior,
920 4097 980 4129 men
1010 4078 1036 4130 iu
1059 4076 1152 4147 patriis
1173 4074 1274 4126 :edibus
1297 4086 1444 4143 [tamtum

366 4175 412 4211 vus
428 4157 510 4210 moins
529 4159 663 4212 sont-elles
683 4159 787 4228 prdtcs?
805 4157 876 4210 Pom·
922 4155 1022 4211 mavult
1040 4151 1258 4227 Sophocles,sed
1271 4153 1450 4223 Apollonius
1553 4205 1554 4212 ,
