3116 5172
364 521 436 616 490
666 521 704 588 L.
732 513 905 592 ANNAEI
931 517 1137 592 SENECAE

509 640 618 712 Docta
635 639 753 736 puellae
771 645 918 714 carmine
936 640 1040 712 molli.

510 751 587 822 Tibi
605 752 751 822 votivam
767 769 889 824 matres
907 754 1018 824 Graiae

412 928 416 937 .
509 861 681 956 Lampada
693 863 822 956 jactant
838 889 846 933 :
863 863 907 933 ad
928 879 985 932 tua
1003 864 1128 957 conjux

511 971 662 1040 Candida
680 974 767 1044 tauri
784 971 925 1042 delubra
944 972 1054 1056 cadit,

512 1082 633 1152 Nescia
649 1084 768 1170 aratri,
785 1081 880 1153 nullo
899 1082 1022 1154 collum

803 1195 941 1290 Signata
953 1194 1048 1288 jugo.
1085 1237 1088 1242 -

516 1307 635 1396 Tuque
652 1329 673 1372 ο
691 1304 804 1398 magni
821 1320 899 1375 nata
920 1304 1082 1374 Tonantis

512 1412 634 1484 Inclita
652 1412 778 1498 Pallas,
799 1439 873 1510 quae
889 1413 1082 1484 Dardanias

513 1524 607 1617 Saepe
623 1525 735 1618 petisti
754 1525 891 1619 cuspide
915 1539 1048 1594 turres:

512 1637 562 1702 Te
580 1636 746 1729 permixto
767 1651 920 1706 matrona
937 1635 1049 1704 minor

514 1743 690 1838 Majorque
708 1745 813 1814 choro
834 1743 936 1832 colit,
952 1759 986 1814 et
1002 1757 1125 1814 reserat

513 1854 677 1923 Veniente
694 1857 766 1926 Dea
782 1853 905 1949 templa
921 1853 1093 1924 sacerdos:

512 1961 589 2031 Tibi
606 1963 768 2034 nexilibus
789 1965 888 2034 turba
906 1965 1039 2034 coronis

367 2099 537 2175 platanonis
551 2101 626 2156 luere
639 2105 705 2175 χοροί
717 2123 744 2158 ra
754 2107 878 2175 eupoleos
923 2103 1019 2158 nabiua
1033 2121 1041 2156 τ
1059 2095 1299 2173 bapaadbtdpaplav
1311 2090 1340 2166 (a
1353 2098 1444 2151 Peraia

365 2183 492 2254 bprruolas
506 2183 612 2240 τὴνθιὸν
626 2179 704 2254 ᾠδαῖς
717 2184 839 2255 πατρίοις.
925 2173 1085 2250 mutuatam)
1111 2180 1286 2235 Athenienses
1312 2179 1340 2230 in
1366 2177 1441 2231 lestis

412 2261 476 2317 352.
486 2262 727 2330 temptaturum,
740 2276 792 2318 eto.
802 2257 841 2316 Ut
851 2263 880 2316 in
923 2261 1126 2326 Panatheneia,
1147 2259 1306 2331 Hephaestiia
1323 2271 1350 2311 et
1370 2259 1440 2310 Pru-

369 2342 450 2396 Herc.
462 2341 527 2394 Fur.
539 2361 565 2393 v.
576 2339 646 2394 302:
660 2341 790 2396 aElensin
803 2341 881 2396 tacita
923 2343 1035 2396 metbeia
1049 2340 1208 2394 exercebant
1220 2331 1357 2408 (Valeano
1367 2337 1441 2390 enim

368 2420 477 2491 jactabit
492 2419 576 2485 lacem
592 2446 603 2467 ι
623 2433 650 2475 et
668 2423 696 2475 in
714 2421 905 2494 Hippolyto„
924 2436 951 2476 et
980 2421 1143 2476 Prometheo
1171 2437 1203 2473 ex
1230 2435 1283 2490 ope
1311 2417 1442 2470 Minerva

370 2500 613 2568 veropr-lactare
625 2501 710 2555 tacitis
719 2503 881 2556 consciaaaa·
924 2501 1062 2555 inventurn
1089 2499 1177 2570 iguem
1205 2488 1336 2564 lerunt),
1364 2496 1440 2568 priua

369 2577 422 2632 eris
436 2579 536 2631 facea·
553 2577 671 2632 Lacuna
684 2580 732 2633 lib.
744 2581 773 2644 Ι,
793 2599 817 2634 c.
829 2601 879 2634 ar:
924 2579 1033 2654 quidem
1046 2579 1163 2642 Eleusin,
1177 2591 1269 2648 postea
1290 2593 1325 2628 ex
1335 2575 1440 2628 Arade-

372 2656 498 2710 ·ldcireu
513 2675 584 2710 sacru
600 2660 656 2728 ejus
670 2658 821 2713 ardentium
836 2673 881 2713 tte·
925 2661 979 2714 ania
993 2661 1129 2721 Athenas,
1154 2669 1291 2710 accensam
1309 2667 1440 2726 gestantes

369 2733 463 2790 darum
493 2737 635 2808 jactatione
666 2738 843 2793 celebrantur.
866 2765 877 2787 ι
924 2739 1057 2812 lampada,
1068 2735 1202 2792 tumendo
1213 2736 1363 2799 certabant,
1378 2735 1440 2806 quis

368 2811 609 2888 Aepaadndpopla‚
623 2835 705 2889 quarn
722 2818 776 2872 buc
796 2819 882 2890 appli·
923 2819 1041 2892 priorum
1055 2817 1089 2872 ad
1102 2829 1199 2870 metam
1213 2815 1373 2887 perveniret,
1382 2827 1439 2868 uon

370 2910 445 2961 eant,
458 2897 526 2950 nibil
539 2895 574 2949 ad
586 2897 741 2951 rhombum.
759 2900 796 2951 Ea
808 2899 882 2952 viro·
925 2899 1052 2952 exstincta
1070 2894 1207 2968 lampade;
1231 2893 1393 2967 quandoque
1411 2904 1439 2945 et

369 2995 431 3030 rum
454 2989 587 3030 certamen
610 2990 691 3032 erat:
719 2977 763 3032 bio
786 2991 883 3032 matres
924 2975 1082 3052 defatigatus
1093 2995 1162 3030 unua
1171 2973 1294 3046 lampada
1303 2974 1376 3026 alteri
1386 2986 1441 3026 tra-

369 3055 457 3108 Graie
472 3058 571 3126 jactare
585 3057 653 3111 facea
669 3055 726 3111 illas
744 3055 880 3112 dicuutur.
925 3055 1014 3111 debat.
1024 3056 1088 3110 Vid.
1101 3055 1210 3108 Hercul.
1223 3055 1245 3107 F
1247 3074 1284 3107 ur.
1299 3073 1336 3106 rs.
1347 3057 1394 3122 87.

368 3135 418 3187 Illa
435 3135 463 3188 in
478 3136 677 3200 Panatbeueis,
693 3137 882 3191 Vulcanalibus
966 3136 1033 3208 ³57.
1050 3139 1113 3207 Qua
1124 3135 1276 3186 Duram.
1294 3133 1418 3205 Namque
1426 3154 1439 3184 :1

369 3213 424 3266 aiae
437 3211 594 3284 llepbeatiis
605 3228 630 3268 et
639 3216 803 3269 Prometheis
813 3217 882 3270 cele·
928 3241 940 3264 ι
956 3217 1051 3269 Omnia
1069 3233 1128 3286 apes
1138 3201 1261 3267 Danaum
1275 3227 1302 3267 et
1315 3213 1395 3284 erepti
1410 3212 1446 3264 fi·

369 3291 518 3346 brabatur:
538 3294 596 3346 haee
618 3295 707 3364 potius
729 3295 823 3348 similis
842 3308 882 3349 est
924 3295 1001 3349 duria
1013 3295 1078 3348 belli
1092 3292 1207 3346 Palladis
1218 3293 1320 3346 auxilio
1334 3311 1443 3364 semper

369 3371 467 3442 quinto
480 3372 678 3426 Eleusiniorum
695 3373 765 3439 diei,
778 3389 838 3446 quer
852 3387 879 3428 et
924 3376 1006 3430 stetit.
1019 3401 1030 3423 ι
1041 3375 1188 3444 VirgAEn.
1199 3374 1237 3439 11,
1250 3392 1288 3426 ra.
1303 3377 1366 3427 aba.

368 3447 519 3521 aepactas
543 3454 625 3523 ἡμέρα
649 3452 802 3522 dicebatur,
829 3473 881 3526 qua
966 3453 1033 3523 3⁵9.
1054 3455 1149 3507 Minor.
1168 3453 1264 3506 Omnia
1285 3453 1380 3516 atatim
1396 3453 1442 3520 ju·

369 3543 498 3584 matrone
519 3531 583 3584 sole
602 3551 664 3586 cum
687 3534 788 3586 facibm
807 3534 880 3588 inee·
923 3535 985 3588 nior
998 3535 1148 3604 seniorque.

369 3607 461 3663 denter
469 3613 692 3681 repraesentabant
703 3613 827 3668 Cererem
841 3632 882 3667 er·
965 3613 1031 3667 362.
1047 3613 1185 3668 Neadilru.
1200 3612 1360 3672 plenaliter,
1373 3627 1442 3680 qua

368 3701 471 3744 rentem
495 3691 522 3744 iu
549 3691 690 3762 querenda
712 3694 880 3764 Proserpina.
924 3685 1067 3746 eramnlis
1094 3688 1159 3755 (bic
1179 3691 1319 3763 olcaginia,
1340 3702 1446 3760 utpote

370 3767 508 3840 Ejusmodi
533 3770 629 3824 testum
649 3773 751 3826 Juunni
775 3773 879 3844 Argivae
924 3765 1447 3843 Palladiirlinneetebauturplecteban-

368 3861 500 3904 matronaa
516 3849 597 3920 argine
616 3853 692 3904 duait
712 3852 830 3906 Seneca:
851 3865 881 3905 nt
924 3865 1016 3917 turae,
1032 3851 1104 3905 unde
1115 3850 1202 3905 dictat.
1219 3851 1257 3904 Ut
1273 3863 1380 3914 amm
1399 3867 1447 3902 se·

366 3927 439 4000 apud
449 3930 666 3995 Statium,'1’heb.
676 3932 712 3994 X,
723 3933 769 3995 56,
779 3931 881 3985 Junoni
924 3931 1025 3998 rendo‚
1038 3932 1120 3984 sutiles
1134 3949 1193 4002 qun
1206 3951 1222 3985 e
1232 3931 1354 3994 floribus,
1364 3947 1447 3982 mern

367 4007 763 4084 Argivarl'erturpepluaquod
771 4011 882 4064 Athenis
924 4011 1057 4082 imprimis
1084 4029 1205 4064 rosarum
1234 4011 1300 4064 lolio
1326 4027 1447 4064 consue·

368 4087 450 4142 flebat
461 4090 603 4164 Minervae.
624 4091 716 4144 Gaura.
729 4123 768 4134 -
782 4093 881 4162 Accipe
924 4091 1039 4156 bantur;
1050 4091 1162 4162 pactiles,
1173 4108 1238 4161 quae
1251 4090 1280 4144 in
1293 4089 1385 4144 torulo
1397 4107 1447 4142 m·

364 4165 433 4236 aad
444 4169 567 4236 adnatet,
581 4189 632 4243 pru
647 4189 692 4226 sna
706 4184 795 4242 parte,
819 4171 881 4224 Far·
926 4169 1011 4224 tundo
1023 4171 1213 4242 pangebantur.
