3042 5190
356 512 597 593 OPTIMO
624 509 907 594 LECTORI

142 663 469 763 RIBLIOTHE-CAE
488 706 916 766 LATINO-CLASSICAE
936 709 1115 768 EDITOR
1187 717 1190 724 '

551 875 583 939 S.
608 873 644 938 P.
666 875 708 940 D.

401 1041 782 1070 ·--οοο----

94 1123 226 1242 Ecce
250 1167 394 1238 alterum
414 1171 546 1239 senecae
566 1170 700 1265 Tragici
724 1167 881 1242 volumen
901 1170 1033 1266 prodit,
1059 1174 1166 1244 amice

92 1277 219 1366 lector,
237 1280 294 1350 sed
315 1304 386 1350 non
407 1279 449 1350 ab
472 1278 589 1348 eadem
609 1305 712 1349 manu
732 1279 938 1375 profectum,
957 1307 1023 1376 qua
1047 1283 1165 1378 prius:

92 1415 199 1484 neque
212 1406 264 1460 est
279 1391 373 1485 quod
390 1406 427 1460 tu
442 1387 577 1460 doleas:
594 1390 682 1460 idem
695 1391 784 1460 enim
799 1392 834 1460 in
849 1406 994 1486 utroque
1012 1395 1166 1488 proposi·
1231 1402 1234 1408 '

93 1515 162 1570 tum
173 1555 183 1586 ,
196 1501 314 1572 eadem
328 1502 431 1588 ratio,
445 1501 570 1572 similes
585 1503 706 1596 copiae,
722 1527 783 1596 par
794 1499 985 1596 diligentia:
1002 1519 1168 1574 mutatum

92 1613 145 1680 vix
159 1613 263 1682 sensit
278 1614 430 1708 aurigam
448 1613 615 1682 immissus
637 1612 717 1684 dato
734 1613 842 1706 spatio
866 1638 1003 1701 currus;
1028 1615 1076 1684 ita
1098 1616 1166 1709 pri·

91 1745 185 1790 mum
202 1723 335 1792 munita
356 1723 410 1792 via
428 1737 462 1792 et
479 1722 699 1817 complanatae
714 1721 851 1793 salebrae
871 1723 1023 1795 fuerant!
1047 1727 1167 1796 Praeci·

91 1855 175 1924 puas
191 1833 296 1928 igitur
314 1847 424 1929 grates
436 1859 500 1929 ago
517 1833 692 1928 habeoque
710 1833 800 1904 docti
817 1849 851 1905 et
864 1833 1025 1929 elegantis
1040 1837 1166 1931 ingenii

91 1941 182 2028 viro,
196 1948 265 2040 qui
277 1941 368 2014 bene
385 1950 511 2041 erepit:
527 1945 710 2040 praesertim
723 1968 829 2038 quum
845 1971 914 2014 nou
928 1944 1044 2016 volens
1062 1971 1168 2016 cessa·

91 2055 192 2140 verit,
210 2053 270 2122 sed
291 2054 436 2148 quadam
450 2056 483 2124 vi
500 2056 645 2124 maxima
665 2054 766 2124 fuerit
785 2053 964 2124 distractus
983 2055 1165 2128 aliorsum:

91 2157 145 2229 ille
159 2177 207 2231 est
221 2161 342 2234 Julius
351 2167 523 2250 Pisanos,
531 2189 632 2259 quem
645 2164 772 2234 meritis
784 2163 991 2235 cumularem
999 2164 1166 2256 laudibus,

26 2317 29 2420 p
96 2272 159 2338 nisi
171 2271 375 2367 jampridem
397 2273 560 2370 collegam
577 2290 610 2344 et
632 2275 776 2344 amicum
796 2273 920 2345 habere
935 2277 1165 2372 superbirem:

95 2405 237 2477 namque
249 2399 344 2453 tomo
357 2386 470 2479 priore
484 2411 593 2480 nuper
606 2384 698 2454 edito
707 2439 717 2474 ,
726 2385 863 2479 jamjam
879 2384 920 2454 ad
937 2385 1028 2456 hunc
1041 2390 1167 2481 pariter

89 2492 410 2566 adornandum'sese
425 2497 633 2584 accinxerat,
643 2521 748 2591 quum
763 2510 899 2589 repente
913 2522 932 2565 a
947 2497 1086 2591 privatis
1100 2514 1166 2570 stu-

89 2601 154 2670 diis
168 2604 210 2673 ad
223 2603 358 2698 publiea
376 2621 512 2676 vocatus
526 2605 655 2692 officia,
671 2621 704 2676 et
718 2605 984 2676 administrando
998 2608 1162 2680 Ludovici

90 2715 206 2806 Magni
232 2717 415 2810 Gymnasio
437 2718 655 2812 praepositus,
686 2715 785 2811 longe
813 2714 1037 2786 difficiliorem
1058 2743 1165 2813 eoque

91 2822 292 2894 nobiliorem
304 2827 448 2920 suscepit
459 2827 678 2920 provinciam.
689 2827 757 2899 Ubi
771 2840 844 2895 tum
859 2825 1051 2896 meditantis
1059 2829 1165 2897 animi

90 2935 210 3028 quies?
235 2936 294 3004 ubi
319 2937 538 3032 ponderantis
564 2937 692 3032 ingenii
719 2935 852 3006 otium?
877 2935 1023 3005 Valeant
1038 2935 1167 3009 *dulces

89 3060 176 3114 ante
193 3051 314 3117 omnia
328 3052 451 3135 Muses:
472 3043 638 3118 facessant
655 3045 732 3116 libri
751 3047 838 3141 typis
854 3045 1060 3135 excudendi;
1082 3049 1168 3118 utile

92 3151 193 3224 dulci
208 3155 415 3248 preferatur,
433 3147 497 3226 nisi
514 3157 605 3225 bono
626 3157 747 3252 cuique
764 3153 1009 3226 dulcissimum
1025 3157 1060 3226 id
1075 3159 1167 3252 quod

90 3262 244 3355 pluribus
257 3266 342 3337 utile
349 3281 410 3336 est.
421 3271 511 3361 Ergo
519 3291 625 3362 quum
634 3291 696 3337 nec
706 3282 830 3362 posset,
843 3291 905 3336 nec
917 3265 1016 3336 vellet
1024 3268 1166 3338 eximius

26 3383 27 3392 ³
90 3375 140 3440 vir
153 3377 325 3446 remittere
338 3376 465 3472 aliquid
479 3377 519 3447 de
529 3379 618 3446 curis
631 3401 715 3472 quas
728 3401 876 3472 operosae
891 3376 1010 3446 domus
1025 3381 1168 3474 negotiis

89 3497 120 3550 ct
137 3483 282 3554 Gallioae
294 3488 464 3580 juventuti
477 3487 660 3558 liberaliter
676 3486 887 3558 instituendae
903 3485 1102 3578 devoverat3
1113 3515 1167 3560 me

88 3617 169 3664 vero
192 3595 408 3668 Bibliothecae
430 3598 531 3692 hujus
557 3596 832 3668 latino-classice
858 3597 1078 3668 architectum
1100 3609 1167 3670 ine·

87 3705 227 3774 cessitas
248 3707 445 3802 imponendi
467 3709 747 3802 quamcitissime
765 3707 905 3778 aedificio
927 3722 1021 3778 tanto
1044 3707 1165 3805 fastigii

88 3830 244 3907 urgeret;
254 3831 335 3888 tnnc
346 3842 410 3913 ego
425 3815 557 3888 relictas
567 3817 608 3887 ab
623 3817 681 3888 illo
696 3833 824 3912 partes,
837 3816 910 3886 aliis
923 3816 1167 3911 professoribus

88 3949 157 3992 tion
173 3927 288 3996 minus
308 3926 413 3998 doctis
432 3927 601 4023 delegavi,
615 3953 759 4023 quorum
777 3926 943 4022 peculiare
962 3929 1026 3998 hoc
1042 3953 1165 4000 munus

84 4031 168 4116 fuit,
180 4060 226 4104 ne
236 4037 309 4106 sine
323 4062 423 4108 causa
439 4037 646 4108 discederent
659 4063 679 4106 a
694 4038 862 4133 prioribus
879 4038 1040 4131 vestigiis,
1054 4037 1112 4106 sed
1125 4054 1164 4109 ut

83 4141 262 4216 clarissimi
283 4150 493 4241 praecessoris
513 4147 689 4218 consilinm
712 4165 924 4242 mentemque
940 4161 1095 4240 prompta
1115 4171 1166 4218 se·

83 4251 229 4326 dulitate
251 4283 386 4330 mecum
409 4259 654 4330 continuarent.

922 4421 930 4457 l
