3124 5162
352 476 420 558 lton
641 472 680 540 L.
706 468 880 540 ANNAEI
905 461 1115 536 SENECAE

496 592 665 666 Portubus
680 589 779 660 lentis
797 591 916 659 retinet
931 587 1060 656 carinus

784 704 879 770 Stare
898 712 1084 793 querentes.

494 810 554 881 llle
570 810 675 882 vocali
692 811 825 904 genitus
841 812 1017 892 camoena,

496 919 602 1012 Cujus
617 919 660 987 nd
682 918 841 1002 chordas,
857 915 1049 986 modulante
1065 912 1210 1010 plectro,

493 1028 628 1098 Restitit
644 1043 791 1114 torrens,
811 1025 930 1096 siluere
948 1027 1059 1111 venti3

495 1140 559 1210 Cui
579 1163 640 1207 suo
662 1153 762 1208 cantu
785 1134 928 1206 volucris
948 1134 1062 1205 relicto

493 1246 627 1332 Adfuit,
647 1261 716 1316 tota
734 1245 915 1316 comitante
935 1244 1035 1330 silva,

495 1357 656 1426 Thracios
678 1380 810 1451 sparsus
827 1355 932 1450 jacuit
949 1379 1009 1448 per
1028 1377 1143 1446 egros3
1378 1377 1419 1416 u.

495 1469 539 1535 tt
557 1480 657 1558 ceput
673 1465 759 1535 tristi
779 1463 922 1533 lluitnvit
939 1463 1070 1532 Hebro:

494 1573 646 1668 Contigit
664 1589 778 1664 notatu
796 1575 918 1667 Styge,
935 1573 1195 1664 Taurumque,

783 1685 860 1752 Non
879 1681 1057 1750 rediturus.

497 1791 620 1862 Stravit
637 1789 767 1860 Alcides
788 1791 951 1886 Aquilone
973 1807 1079 1861 natos.

351 1977 430 2034 qnsnt
447 1959 535 2013 Greci
554 1957 583 2010 in
602 1953 699 2010 Aulide
714 1967 860 2010 trsxernnt.
905 1954 1026 2012 vislicet.
1041 1959 1126 2026 Atque
1138 1955 1189 2006 boc
1204 1965 1243 2006 est
1263 1950 1339 2024 qnod
1352 1971 1419 2006 eon·

352 2070 392 2086 -
406 2037 467 2092 Viri
487 2037 623 2090 litersruut
643 2036 740 2088 becuns
761 2035 862 2108 princi·
906 2055 1006 2090 cessum
1020 2035 1124 2089 retibus
1133 2031 1324 2104 laudatumque
1333 2051 1419 2102 eupe-

352 2137 415 2192 pes,
441 2117 538 2188 quibus
555 2116 670 2170 libenter
687 2116 862 2186 assurgimus,
904 2117 1049 2186 λογίζεσθαι.

354 2211 381 2252 et
388 2199 445 2252 hec
457 2207 483 2248 et
493 2196 544 2248 ulia
557 2195 637 2265 hujus
647 2194 728 2247 Cbori
743 2213 792 2264 pro
802 2211 863 2264 sup·
945 2195 1011 2248 ⁶25.
1029 2195 1089 2257 Ille,
1111 2191 1245 2262 Orpheus.
1265 2222 1306 2234 -
1326 2191 1421 2242 Vaut

353 2275 476 2346 posititiis
501 2273 608 2336 delent,
641 2274 740 2344 quippe
766 2272 861 2344 purtidt
909 2272 1129 2338 &manutium
1145 2271 1272 2340 Calliope.

353 2353 469 2408 historin
482 2353 593 2406 heroum
605 2354 790 2424 repugnantis,
801 2369 862 2422 pur·
948 2357 1015 2406 626.
1038 2352 1113 2421 Cujus
1125 2353 1161 2404 nd
1171 2351 1287 2410 chordas.
1300 2361 1354 2402 etc.
1368 2349 1420 2402 su-

354 2433 403 2488 tim
422 2432 536 2503 tempori
550 2431 699 2502 argumenti
715 2431 784 2484 mele
797 2447 863 2483 con·
907 2449 955 2506 pra
968 2423 1005 2484 vs.
1019 2449 1091 2498 2¹9,
1104 2444 1130 2484 et
1143 2433 1223 2484 llere.
1231 2429 1296 2482 Fur.
1307 2427 1379 2498 57³.

353 2509 484 2583 gruentin.
500 2509 571 2575 Quin
589 2509 863 2562 tenten‘ontnibusin
910 2511 915 2530 ¹
949 2509 1163 2565 6¹8.Suucantu
1180 2509 1270 2562 relicto.
1285 2507 1348 2560 Non
1362 2509 1419 2578 jans

355 2588 493 2644 codicibus
524 2589 668 2652 habentur,
694 2585 861 2650 videbimus,
907 2598 968 2658 epse
981 2603 1072 2644 centus
1086 2607 1249 2662 expromere.

354 2667 495 2740 numquis
512 2667 565 2720 illis
583 2663 737 2720 excusandis
750 2665 862 2737 reperiri
948 2671 1013 2724 630.
1031 2669 1146 2722 Tltmcios
1161 2687 1258 2740 spanus
1274 2669 1358 2736 jacuit
1373 2686 1423 2736 per

355 2747 441 2818 possit
456 2745 538 2800 color.
560 2745 635 2798 Aulis
651 2764 681 2798 ex
696 2763 750 2815 quo
762 2757 863 2798 moeste
904 2741 987 2818 ἀέναα.
1008 2750 1032 2802 Δ
1051 2749 1170 2802 Thraciis
1190 2748 1367 2806 mulieribus,
1388 2759 1421 2798 ut

356 2839 396 2882 est
412 2827 520 2880 Graecos
538 2825 646 2896 Trojsm
673 2837 804 2894 petentes,
820 2825 862 2878 in·
907 2845 985 2880 nemo
1002 2828 1099 2892 nescit;
1113 2839 1140 2880 et
1158 2825 1192 2880 de
1205 2839 1364 2897 argumento
1376 2837 1421 2876 to·

355 2908 469 2961 seruetur
481 2923 530 2976 pro
544 2905 732 2958 molestatione
744 2904 861 2958 utrium.
907 2907 954 2960 ties
973 2920 1029 2960 ets
1052 2919 1103 2960 tens
1126 2905 1219 2960 multis
1249 2907 1332 2968 tritu,
1355 2903 1420 2956 ride

354 2987 492 3048 bucinus,
503 2983 587 3048 tiuv,
601 2981 654 3036 «ad
667 2983 787 3056 iniquum
798 2984 862 3038 cles·
906 2984 985 3038 Ovid.
999 2987 1106 3038 Metsm.
1122 2985 1169 3036 lib.
1186 2987 1211 3038 Χ
1225 2985 1285 3038 init.
1298 2997 1324 3038 et
1337 2984 1420 3054 virg.

354 3061 427 3118 sibus
445 3062 557 3116 Aulin·
577 3061 609 3116 ld
630 3057 704 3132 lingit
721 3063 861 3132 eleganter,
906 3065 1002 3136 Georg.
1029 3065 1079 3128 tv,
1100 3065 1155 3134 457
1177 3081 1235 3135 sqq.
1250 3077 1278 3116 et
1293 3064 1330 3116 ibi
1346 3081 1421 3133 prse-

354 3144 411 3196 n'on
422 3156 477 3196 tum
490 3140 579 3212 ptimo
588 3141 748 3195 contraxisse
760 3142 861 3198 crimen
904 3145 993 3196 sertim
1007 3155 1091 3196 notus.

355 3221 431 3275 illum
443 3233 566 3292 portum,
579 3219 624 3273 sed
642 3222 728 3274 stetim
743 3233 802 3292 poet
819 3241 861 3274 ex·
948 3225 1011 3276 630.
1027 3224 1066 3275 Ae
1078 3233 1165 3292 caput,
1182 3233 1234 3278 ete·
1245 3220 1314 3274 vid.
1326 3223 1420 3274 Anisus.

355 3298 519 3371 peditionem
541 3303 767 3369 Argonautarum,
788 3301 861 3369 quud
947 3303 1013 3356 632.
1027 3301 1134 3366 tiorum,
1147 3301 1205 3354 sibi.
1218 3301 1304 3366 Qusns
1316 3301 1422 3354 scilieet

356 3381 426 3437 inter
439 3379 499 3444 illos
510 3395 599 3447 regem
610 3397 686 3432 snutn
697 3380 861 3449 navigantem
906 3381 997 3453 prius,
1009 3380 1038 3434 in
1049 3381 1128 3444 vivis,
1140 3379 1254 3445 adierat,
1264 3378 1421 3452 repetenda

354 3457 519 3530 perdiderim
530 3458 583 3513 sive
593 3458 636 3510 ille
652 3455 804 3528 designetur
815 3461 862 3513 Ti·
905 3458 1050 3529 Eurydices
1065 3461 1155 3530 gratis.
1172 3458 1420 3514 Cornifiei-chr.

355 3533 516 3609 physicum
529 3537 608 3608 hujus
621 3555 727 3608 quoqne
745 3538 862 3608 sgnoscit
907 3557 931 3592 v.
947 3539 1175 3606 569‚etibinot.
1273 3553 1276 3562 ’

351 3613 634 3686 permaguum
650 3618 861 3688 Erginuszuter·
948 3617 1013 3684 634.
1038 3619 1159 3689 Aquilone
1178 3629 1256 3670 natos.
1275 3619 1372 3670 Zetm
1394 3629 1425 3669 et

354 3714 406 3767 que
425 3693 496 3748 enirn
524 3696 644 3758 Boeotus,
667 3709 692 3768 ep
713 3697 741 3748 in
761 3697 862 3750 Boeotin
906 3697 1016 3756 Celsius.
1033 3697 1196 3768 Suprssvers.
1212 3699 1277 3752 231.
1291 3699 1426 3765 Propere.

351 3775 435 3828 Aulis.
456 3773 549 3843 Neque
566 3769 793 3844 quaerendumne
813 3777 860 3828 nli·
905 3775 990 3838 lib.I,
1007 3776 1080 3846 Eleg.
1092 3795 1142 3838 no,
1155 3795 1194 3829 vs.
1209 3776 1299 3846 sitq.
1313 3775 1427 3830 siluae

352 3854 413 3926 quis
426 3851 590 3924 prodiderit,
612 3850 648 3904 ob
670 3855 738 3922 regis
759 3849 861 3908 Orcho·
906 3855 962 3908 dno
973 3857 1061 3908 sectati
1078 3855 1346 3926 lustres,Aquiloniu
1360 3875 1429 3926 pro-

350 3932 433 3988 menii
450 3931 492 3986 sel
500 3929 584 3984 Boeoti
598 3928 711 3984 murtebr
724 3931 859 3996 detentum
905 3935 957 3997 les,
981 3933 1058 3986 Hunc
1083 3953 1162 4006 snper
1186 3947 1212 3988 et
1233 3937 1324 3998 zeta,
1346 3935 1430 3988 huuc

347 4013 428 4066 luisse
444 4012 687 4090 Agamemnonem..
698 4011 783 4088 Hujus
798 4031 857 4066 mo·
907 4033 986 4086 super
1007 4027 1032 4066 et
1050 4013 1158 4068 Celsiu-
1169 4011 1279 4071 Occidit
1296 4014 1433 4068 cosider-

345 4087 373 4144 ἀί
389 4091 459 4144 enim
473 4107 563 4144 causas
582 4089 688 4159 lingere)
702 4101 787 4161 poetes
799 4091 856 4144 cni·
902 4091 973 4146 cules*
983 4082 1010 4146 iti
1020 4093 1095 4146 Teno
1109 4095 1211 4160 insule,
1222 4108 1249 4148 et
1259 4093 1297 4148 sd
1311 4096 1359 4148 rei
1372 4111 1433 4148 sne
