3058 5164
366 513 439 592 seo
556 601 562 612 .
657 515 697 585 n
725 513 1141 588 arunt-suumn

412 661 518 712 rure.
531 641 628 708 Tune
645 650 696 706 est
714 635 908 734 probanda,
926 636 952 706 si
974 635 1084 708 locum
1102 637 1208 708 virtus
1225 635 1339 708 habet.
1398 659 1435 700 m.

413 775 499 824 men.
517 751 703 842 Nunquam
724 761 835 842 potest
853 771 921 816 uon
941 771 1011 816 esse
1030 748 1145 818 virtuti
1163 745 1266 818 loeus.

411 885 519 933 rura.
540 861 622 953 Spes
641 855 733 927 nulla
750 871 916 926 monstrat
933 858 1032 927 rebus
1049 856 1181 928 afflictis
1198 859 1297 928 riam.

411 993 499 1040 aren.
521 968 591 1058 Qui
613 965 660 1036 nil
683 980 794 1061 potest
815 991 968 1060 sperare,
990 967 1144 1062 desperet
1162 966 1257 1039 nihil.

414 1104 521 1150 nura.
539 1079 659 1150 Abiere
676 1076 793 1150 Colchi
811 1102 820 1145 ε
838 1078 992 1173 conjugis
1010 1076 1102 1148 nulla
1120 1094 1171 1149 est
1188 1077 1290 1166 fidu,

412 1189 575 1284 Nihilque
597 1203 746 1283 superest
763 1187 884 1283 opibus
905 1213 923 1258 e
942 1189 1044 1258 tantis
1067 1189 1159 1258 ῑίὴί.Ι
1399 1209 1434 1248 1⁶⁵

413 1323 500 1372 mnu.
522 1298 643 1370 Medea
662 1313 839 1394 superest:
864 1299 918 1368 hic
938 1323 1030 1368 mare
1052 1313 1086 1368 et
1103 1313 1208 1369 terras
1229 1298 1340 1388 rides,

413 1415 635 1504 Ferrumque,
652 1424 686 1480 ot
705 1411 820 1504 ignes,
839 1422 874 1477 et
891 1411 1001 1496 Deos,
1022 1423 1056 1478 et
1075 1407 1227 1478 fulmina.
1297 1461 1304 1472 .

412 1543 519 1592 rura.
536 1521 610 1588 Rex
628 1523 679 1588 est
697 1517 875 1588 timendus.
895 1543 979 1590 unu.
994 1522 1066 1588 Rex
1082 1543 1175 1589 meus
1190 1517 1299 1587 fuerat
1320 1531 1426 1612 pater.

413 1653 523 1702 rura.
543 1632 623 1702 Non
640 1628 760 1698 metuis
777 1626 892 1698 arma?
909 1653 995 1700 uun.
1014 1630 1091 1698 Sint
1108 1627 1185 1700 lieet
1204 1617 1292 1697 terra
1308 1626 1408 1698 edita.

412 1829 474 1882 160.
505 1827 574 1880 Tune
599 1837 634 1878 est
655 1824 799 1896 prebende,
827 1836 877 1880 eto.
922 1825 1012 1897 inquit
1032 1817 1172 1894 (deusto),
1198 1824 1307 1884 timere,
1334 1823 1434 1898 sirpe·

365 1905 462 1970 Sensus
476 1905 607 1978 gemmulis
617 1917 672 1960 est:
694 1931 706 1954 ι
716 1906 811 1960 Virtus
825 1905 879 1959 uti·
922 1925 981 1960 rare
1000 1904 1118 1960 desieris.
1130 1905 1224 1970 Dices,
1238 1902 1374 1976 quomodo
1386 1906 1435 1960 istu

365 2005 416 2060 que
430 1999 470 2042 est
483 1984 629 2040 fortitudo:
649 1997 676 2038 et
689 2004 720 2040 es
733 2004 788 2040 non
802 1983 879 2040 aliter
923 1997 975 2040 tam
992 1983 1096 2040 diversa
1108 1987 1208 2056 pariter
1226 1984 1307 2038 sunt?
1321 1985 1362 2038 ltu
1377 1996 1432 2048 est.

363 2064 509 2134 laudanda¹
532 2084 613 2138 quarn
640 2063 744 2138 quoties
767 2065 827 2118 loco
852 2077 879 2118 et
923 2067 960 2118 mi
980 2065 1087 2118 Lucili:
1103 2063 1340 2137 quumridesutur
1357 2061 1434 2118 dissi·

364 2158 486 2219 tempore
500 2146 636 2205 exseritur.
653 2145 757 2217 quoties
767 2163 822 2198 non
833 2162 878 2216 sg-
922 2143 999 2210 dere,
1012 2146 1153 2216 conjuncta
1169 2155 1237 2198 sunt.
1251 2142 1433 2210 Quemadmo-

364 2224 502 2298 greditur,
526 2243 587 2297 que
614 2226 675 2296 lelp
704 2225 828 2296 ἄνθρωπον
852 2236 880 2292 et
924 2243 997 2278 mum
1021 2222 1113 2278 eadem
1133 2237 1224 2280 catena
1242 2237 1270 2277 et
1288 2221 1433 2277 custodiant

364 2303 457 2378 passspd
470 2305 548 2363 errari
563 2312 598 2376 τῷ
613 2311 666 2374 γοῦν
678 2305 774 2374 ἔχοντι,
795 2317 827 2358 ut
838 2303 879 2356 lo·
923 2318 950 2360 et
962 2304 1074 2358 militem
1090 2304 1216 2376 copulat:
1237 2303 1354 2368 sitista,
1376 2322 1433 2376 que

364 2387 458 2458 quitur
486 2385 682 2456 philosophus,
709 2401 880 2456 quorumque
923 2397 976 2438 taur
997 2383 1134 2437 dissimilis
1153 2397 1231 2448 suut,
1248 2382 1348 2456 pariter
1367 2384 1433 2436 inee-

364 2465 452 2520 exitus
470 2483 505 2532 ue
520 2463 612 2517 timide
630 2460 740 2535 quidem
754 2483 800 2536 spe
815 2481 880 2537 prse-
922 2462 999 2518 dunt.
1008 2465 1088 2536 Spem
1099 2477 1185 2517 metus
1198 2463 1326 2534 sequitur.
1341 2487 1353 2510 s

363 2543 433 2598 mmi
453 2555 550 2614 potest.
567 2570 579 2591 ι
603 2540 784 2596 Recordemur
807 2543 879 2598 enim
967 2547 1032 2610 164.
1046 2544 1137 2596 Abiere
1150 2543 1243 2598 Colchi.
1258 2540 1292 2595 ld
1306 2553 1359 2606 est,
1374 2541 1433 2594 Col·

364 2623 556 2694 particularius*
569 2621 704 2681 interdurn
721 2620 793 2674 idem
804 2621 879 2694 quod
922 2624 965 2678 ehi
981 2625 1074 2695 longe,
1088 2636 1153 2695 puta
1164 2635 1190 2676 et
1205 2623 1282 2686 loeo,
1293 2633 1318 2676 et
1333 2621 1431 2674 anisnis.

364 2721 435 2773 puras
454 2701 615 2773 exprimere.
636 2702 672 2756 Ut
689 2699 762 2771 apud
779 2702 877 2756 Catuli.
921 2701 1025 2763 Allndit
1037 2701 1111 2775 quod
1127 2700 1161 2756 de
1178 2701 1279 2756 relictis
1290 2702 1432 2772 loqueban-

363 2783 441 2850 XIV,
457 2785 491 2837 18
507 2777 565 2853 (ed.
577 2794 647 2834 nost.
659 2771 764 2852 ppei:
787 2808 798 2830 ι
810 2782 878 2834 Nam
921 2795 982 2852 tur,
1005 2784 1079 2855 quasi
1103 2783 1159 2854 ipsa
1186 2800 1236 2834 nos
1257 2781 1432 2853 reliquissent.

363 2865 386 2914 ss'
400 2862 511 2926 luxerit,
526 2860 560 2916 sd
577 2861 749 2915 librariorum
764 2862 878 2916 Curram
922 2866 1014 2934 Agant.
1030 2863 1085 2928 445
1098 2883 1104 2914 =
1118 2863 1242 2927 sTerrss,
1256 2874 1382 2934 quantum
1394 2877 1433 2912 re·

363 2942 467 2996 serinia.
483 2967 495 2989 ι
511 2940 799 3014 Virgit.run.v‚sr:
825 2941 878 2996 -Si
921 2942 1021 2997 cedunt
1047 2942 1127 3010 vela,
1161 2941 1326 3013 fugientes.-
1354 2939 1434 2992 Silius

362 3041 435 3076 noua
451 3021 523 3076 diem
540 3022 699 3074 mortalibus
713 3020 812 3074 almum
823 3021 879 3076 Au-
920 3021 1177 3088 Iut.ttt‚vs.156:
1192 3019 1434 3090 «mpieuteoarina

365 3119 426 3154 rora
438 3101 592 3156 extulerit„
600 3102 688 3154 Prima
698 3100 756 3154 eitra
766 3100 878 3154 Teneris
921 3103 1074 3158 Consumsit
1087 3115 1187 3172 pontus
1199 3101 1287 3166 risus,
1307 3099 1436 3170 tellusque

363 3181 619 3252 ponnmoertamina
630 3179 727 3234 elassis.
740 3205 752 3228 ι
920 3183 1060 3236 recessit.»
1076 3183 1147 3236 Turn
1169 3180 1243 3253 quod
1260 3182 1332 3250 louge
1348 3200 1397 3232 erse
1410 3189 1436 3232 et

406 3263 471 3314 162.
485 3259 545 3330 Spes
559 3261 635 3314 nulla.
650 3259 815 3332 Desperatio.
920 3263 1000 3316 adesse
1012 3260 1150 3328 dicebant,
1161 3279 1287 3333 quianon
1298 3261 1433 3331 jurarent.

407 3341 471 3394 163.
486 3339 538 3411 Qui
547 3341 671 3412 uilpotest
681 3339 878 3411 sperare,despe-
921 3373 960 3386 -··
975 3341 1101 3413 Confugis.
1114 3341 1230 3394 Iasonis.

364 3429 402 3472 ret
415 3420 485 3475 nilsil.
508 3417 591 3474 Ludit
609 3421 637 3474 in
660 3421 731 3474 voeis
753 3420 877 3474 similitu·
964 3425 1028 3476 166.
1050 3421 1137 3474 Medea
1155 3433 1272 3491 superest.
1299 3418 1350 3472 Cui
1375 3435 1440 3472 euru

364 3495 877 3566 dine;sensus:ei‚euiennemsuntsd·
919 3500 1035 3554 nocendi
1047 3501 1158 3572 peritia,
1180 3500 1373 3572 potentisque,
1392 3515 1443 3550 ro·

363 3596 458 3645 ressa,
483 3578 510 3632 in
526 3597 632 3632 omnem
649 3591 775 3632 eventum
792 3579 876 3632 intre·
919 3569 1009 3634 lirntss
1022 3581 1159 3652 suppetit:
1175 3599 1236 3653 quse
1248 3591 1379 3652 quantum
1389 3595 1441 3629 nu·

363 3655 427 3730 pide
441 3657 566 3713 tentanda
582 3658 673 3711 omnia
691 3678 698 3710 r
717 3656 782 3730 quid
803 3659 876 3712 euim
919 3677 978 3714 cere
992 3673 1095 3732 potest,
1109 3673 1212 3714 tantum
1224 3655 1322 3714 nocem
1335 3657 1446 3712 deside·

310 3735 315 3748 ’
363 3751 464 3792 metuat
480 3739 509 3792 in
525 3751 642 3792 extrema
659 3735 876 3808 lortuuat'quid
919 3751 969 3792 rat.
984 3739 1049 3792 Vid.
1066 3739 1093 3792 in
1111 3740 1184 3793 ealce
1197 3739 1360 3794 imitationes
1374 3756 1446 3808 quas

363 3818 441 3871 malis
465 3820 521 3889 ejus
549 3817 630 3888 adjici
653 3823 752 3887 queat?
778 3817 876 3872 lucrari
919 3815 1449 3890 apposuimus.-Hir,ineminuedea.

362 3909 470 3970 potest,
492 3896 606 3968 perdere
626 3915 680 3949 non
702 3909 804 3969 potest,
827 3897 875 3970 qul
964 3903 1029 3955 168.
1044 3901 1096 3952 Iler
1110 3919 1141 3952 rr.
1152 3900 1178 3967 s.
1190 3912 1271 3970 poter.
1290 3899 1392 3970 Neque
1408 3911 1451 3950 ta-

361 3977 429 4032 uihil
438 3974 570 4050 possidet:
581 3995 612 4030 ex
622 3973 806 4048 desperatione
814 3991 876 4031 nats
920 3997 981 4032 men
995 3998 1057 4032 eum
1069 3979 1162 4044 timui,
1172 3997 1266 4033 rerum
1277 3997 1327 4050 pro
1338 3978 1450 4032 Iasone

363 4077 420 4115 uon
453 4076 514 4112 raro
548 4055 670 4112 victoria.
698 4055 820 4127 Explicat
848 4075 875 4110 se
919 4070 1013 4114 eoru-s
1029 4077 1091 4114 euru
1106 4058 1177 4112 steti.

363 4136 451 4208 ipsum
464 4139 578 4206 Seneca,
592 4135 703 4208 Epist.r
714 4154 722 4190 :
734 4136 874 4202 «Dorium,
962 4141 1028 4208 169.
1042 4139 1099 4194 Sint
1116 4139 1173 4192 lieet
1193 4151 1257 4192 serre
1277 4136 1358 4191 edita.
1382 4137 1452 4191 Nou
