3058 5164
344 525 414 600 312
633 530 673 598 L.
702 529 874 600 ANNAEl
900 529 1114 600 SENECAE

389 677 493 724 suun.
512 649 695 722 Cassandra
717 649 813 722 felix!
832 675 932 744 quam
951 649 1045 718 futur
1062 665 1151 719 sorte
1167 651 1299 737 eximit.

387 763 608 855 Phoebusque.
621 783 700 831 nst..
712 765 843 854 Regum
858 759 945 828 banc
962 759 1126 828 maximus
1142 773 1251 830 rector
1263 774 1360 832 tenet.

389 895 467 943 nec.
482 875 583 940 Estne
600 867 735 964 aliquis,
752 869 923 938 Hecubam
937 870 995 964 qui
1012 893 1106 938 suam
1121 868 1186 937 dici
1200 867 1305 940 veliti
1361 891 1396 941 ,s

386 1005 466 1052 usn.
483 980 600 1050 Ithaco
613 979 761 1074 obtigisti
776 979 884 1080 praeda
902 977 1029 1048 nolenti
1043 979 1162 1048 brevis

386 1117 464 1163 nnc.
483 1091 569 1180 Quis
582 1103 651 1158 tam
670 1089 836 1182 impotens
849 1111 888 1158 ac
901 1087 1011 1172 dirus,
1028 1103 1061 1158 et
1080 1089 1201 1182 iniquae
1215 1085 1307 1158 ferus

388 1201 532 1273 Sortitur
550 1223 644 1268 urnae
661 1199 794 1293 regibus
812 1221 904 1292 reges
922 1195 1040 1266 dediti

385 1311 473 1402 Quis
496 1325 563 1380 tam
584 1309 716 1379 sinister
733 1308 854 1377 dividit
872 1323 985 1402 captas
1002 1308 1119 1378 Deus?

387 1422 474 1512 Quis
494 1421 618 1492 arbiter
637 1416 796 1504 crudelis,
817 1433 851 1488 et
871 1419 998 1488 miseris
1019 1420 1145 1514 gravis,
1360 1432 1395 1484 ⁹⁸⁵

387 1528 519 1626 Eligere
536 1529 689 1598 dominos
711 1529 841 1598 nescit?
858 1544 890 1598 et
908 1553 992 1600 satta
1009 1551 1112 1598 manu

388 1642 454 1710 Dat
469 1639 583 1735 iniqua
598 1639 725 1708 miseris
742 1635 829 1708 fata?
841 1639 916 1732 quis
932 1652 1069 1708 matrem
1084 1637 1239 1708 Hectoris

389 1751 500 1821 Armis
520 1747 658 1820 Achillis
678 1749 813 1818 miscet?
830 1748 871 1818 ad
888 1747 1039 1844 Ulyssem
1055 1745 1174 1819 vocor!

387 1860 421 1929 N
424 1883 489 1928 unc
505 1858 614 1946 victa,
631 1881 721 1928 nunc
736 1859 882 1952 captiva,
899 1883 988 1928 nunc
1003 1860 1132 1928 cunctis
1150 1857 1232 1928 mibi

388 1967 531 2037 Obsessa
549 1967 664 2037 videor
680 1965 829 2038 cladibus
848 1993 856 2038 :
876 1967 1002 2037 domini
1023 1967 1143 2062 pudet,
1362 1997 1403 2038 ss·

388 2080 467 2149 Non
489 2078 665 2148 arvitutis.
685 2077 838 2148 Hectoris
855 2077 999 2172 spolium
1020 2079 1121 2166 feret,
1274 2073 1278 2080 ’

343 2251 475 2316 comedis,
487 2251 564 2326 Styri
579 2253 665 2324 regis,
683 2252 746 2306 lilia.
760 2253 847 2308 Fran.
934 2244 1400 2325 983.1legibnsn5.Vid.Auima‹lr.

383 2334 450 2402 978·
464 2331 603 2386 cmuc-
610 2333 693 2400 srlr‘e!
704 2332 850 2404 Colorejns
934 2337 1001 2402 986.
1012 2335 1121 2406 Elipm.
1134 2333 1235 2403 Dignos
1248 2330 1347 2403 eligere
1357 2349 1403 2384 ne-

341 2408 394 2464 loci
407 2409 503 2464 ductus
512 2429 544 2465 ex
555 2409 750 2466 Andromadm
760 2413 849 2468 verbis
893 2411 941 2466 scit
956 2411 1092 2479 dominos,
1106 2410 1154 2468 sed
1166 2411 1257 2483 iniqua
1270 2424 1342 2466 sorte
1357 2411 1403 2464 sni·

341 2487 411 2562 apud
421 2487 564 2560 Virgilium
576 2527 585 2554 ,
598 2489 821 2558 AEneid.111.3=
839 2510 846 2546 ε
891 2493 955 2546 seris
968 2493 1145 2548 infortunium
1156 2491 1263 2562 gratius
1280 2491 1371 2545 efficit.

342 2568 463 2622 «otetix
482 2587 533 2622 una
556 2579 616 2622 aute
638 2569 701 2624 elias
719 2569 848 2625 Priameia
932 2573 999 2642 988.
1016 2573 1101 2625 Armis
1120 2571 1226 2625 Achillis
1252 2573 1343 2624 miscet.
1366 2569 1403 2622 Ut

342 2647 430 2718 virgo,
445 2647 572 2701 Hostilem
587 2645 620 2700 etl
634 2649 766 2702 tumulum
781 2651 849 2704 Tro·
892 2648 979 2704 eidem
992 2651 1097 2722 Ulysri‚
1113 2651 1156 2704 cui
1172 2647 1323 2720 adjudicata
1342 2661 1404 2702 seut

340 2727 375 2800 je
391 2727 440 2780 sub
463 2727 594 2784 monibus
605 2729 665 2782 eltis
678 2727 754 2782 lussr
766 2731 847 2792 mori,
892 2731 1004 2784 Achillis
1024 2749 1114 2795 neura,
1129 2731 1265 2800 contingat
1281 2729 1404 2782 Hecuba.

342 2825 402 2878 qua
425 2809 532 2860 sortitus
554 2827 611 2864 non
631 2809 741 2880 pertulit
767 2809 848 2872 ullos.
893 2809 956 2864 lloc
967 2810 1074 2863 Achillis
1086 2829 1157 2862 arma
1167 2809 1259 2882 Ulyssi
1270 2809 1402 2882 obtigere,

342 2886 399 2940 Nec
424 2886 532 2940 victuris
554 2887 613 2940 heri
637 2887 722 2958 tetigit
747 2889 850 2960 captiva
891 2887 1024 2958 judicibus
1042 2889 1084 2942 vel
1105 2887 1218 2952 Grecis,
1240 2889 1318 2959 juxta
1339 2887 1406 2941 Ori-

342 2966 446 3020 cubile!
461 2993 472 3014 ·
491 2993 532 3008 -·
543 2967 625 3038 Ques
633 2968 710 3036 soror
720 2981 784 3020 rene
798 2972 851 3021 eei·
893 2967 984 3033 elium,
997 2967 1185 3040 Antipatrum,
1202 2964 1405 3037 Asclepiadem,

342 3051 386 3098 mi
399 3045 555 3120 Phariusque.
575 3048 689 3118 Propter
707 3047 850 3101 divinatio·
892 3060 919 3101 et
928 3048 1103 3118 Sophoclem
1122 3047 1164 3100 sel
1178 3047 1292 3118 captivis
1302 3047 1406 3118 Troja-

341 3123 632 3180 nsm'etescerdotirm
647 3127 757 3191 Phoebi,
778 3139 848 3180 sorte
892 3127 934 3180 nis
956 3129 1029 3199 juxte
1051 3129 1216 3191 Homerum,
1241 3127 1276 3192 Q.
1308 3127 1409 3198 Smyr·

342 3216 453 3256 memte.
892 3219 1016 3260 unumst
1028 3206 1101 3260 alios.

383 3298 452 3350 979.
463 3279 554 3350 Regno
569 3281 630 3334 lese
645 3287 778 3346 matrem,
794 3296 846 3340 eto.
934 3303 996 3355 99⁰·
1006 3286 1087 3339 Nune.
1094 3287 1235 3358 Postquam
1243 3285 1338 3356 Ulyssi
1350 3305 1411 3340 sor·

341 3359 788 3430 ApnemnouCrssandrsmextra
796 3381 848 3416 sor-
892 3377 917 3418 te
940 3366 1106 3437 contigerint.
1126 3397 1167 3409 --
1186 3365 1288 3418 Domini
1311 3367 1405 3435 pudet,

342 3447 394 3492 tent
404 3437 492 3491 babet.
890 3445 949 3498 Noe
961 3445 1164 3500 seminantium
1174 3483 1182 3508 ,
1192 3458 1223 3498 ut
1236 3445 1274 3498 ait
1286 3444 1411 3498 Pseudo·

383 3517 527 3586 980.Sesrs
535 3517 738 3586 dtctwumntn
749 3523 846 3576 vetule.
890 3524 999 3589 cmm,
1015 3525 1101 3595 Epist.
1115 3523 1149 3576 ad
1165 3525 1325 3580 Brutatrx:
1345 3523 1411 3578 udi-

342 3595 406 3667 Sap.
420 3597 472 3650 58:
489 3621 501 3644 ι
509 3595 570 3650 tter
582 3615 638 3650 sors
648 3599 766 3654 timetur.
778 3625 789 3648 ι
888 3603 1095 3674 gnitatedomini
1104 3605 1192 3657 minus
1201 3604 1288 3676 turpis
1297 3618 1342 3659 est
1349 3605 1411 3658 ior·

381 3677 449 3744 9⁸¹·
463 3675 554 3728 Prode
561 3677 658 3732 mirati.
670 3679 769 3734 Prode
779 3681 846 3737 mals
889 3694 955 3736 tuna
967 3684 1046 3738 servi.
1060 3709 1071 3731 ι
1091 3685 1198 3738 Banna.

340 3771 413 3814 sors,
442 3772 521 3826 quarn
547 3755 632 3809 victor
661 3759 767 3830 Ulysser
791 3777 847 3814 esse
930 3779 996 3832 99¹·
1019 3763 1131 3816 Hectoris
1151 3763 1326 3834 spoltrinus
1349 3783 1416 3821 ua·

341 3851 415 3886 snam
429 3833 523 3887 nollet.
538 3863 578 3876 -·-
591 3835 682 3892 Brevis.
701 3839 761 3892 Cito
773 3841 845 3894 enim
890 3853 958 3895 trem
973 3843 1102 3898 Hectoris.
1119 3843 1164 3898 Sic
1178 3840 1234 3896 dici
1245 3854 1324 3914 putat
1339 3843 1417 3898 Far·

340 3911 481 3984 rbUlysse
495 3911 600 3966 dimissa
618 3916 651 3968 sil
672 3917 787 3970 Thracas
803 3919 846 3972 su·
889 3920 992 3986 sebius,
1002 3921 1063 3992 quia
1075 3921 1189 3994 spolium
1199 3922 1312 3996 proprie
1323 3924 1420 3978 restis

340 3991 395 4060 git,
409 3993 454 4045 uhi
463 3993 492 4044 in
503 4007 745 4061 emembrem,
758 3996 786 4050 id
798 4011 845 4064 est,
890 4002 998 4072 corpori
1007 3999 1249 4056 detrectadicitur:
1263 4001 1328 4068 elii,
1341 4005 1419 4076 quia

338 4070 442 4125 rabidis
453 4071 579 4126 conviciis
593 4091 686 4126 omnes
702 4075 845 4148 impetens,
889 4082 967 4150 gessit
986 4082 1013 4134 in
1031 4094 1108 4136 utero
1119 4083 1261 4134 Hectorem
1275 4081 1419 4141 :.Grnte·
1438 4088 1447 4103 ⁰

339 4145 474 4219 lapidibus
487 4152 582 4207 obruta
594 4166 643 4208 est.
660 4153 746 4209 Fies.
887 4177 947 4226 rus,
959 4161 1020 4232 quio
1033 4179 1130 4232 parens
1142 4173 1169 4214 et
1180 4161 1252 4215 filius
1272 4177 1421 4232 reputan-
