3124 5162
441 531 630 600 ruanm.
656 531 765 600 scr,
791 534 840 599 11.
1102 525 1171 622 377

258 657 335 724 Non
357 667 429 722 erat
446 665 548 721 usus:
571 649 721 720 nondum
738 649 867 744 pluvias

257 761 388 856 Hyadas
410 775 564 856 poterant
584 760 689 828 vitare
710 773 819 829 rates:

255 877 331 943 Non
353 871 481 940 Oleniae
498 868 605 939 sidera
626 893 757 964 caprae:
875 961 876 966 ἵ

259 984 335 1052 Non
357 1006 431 1075 quae
448 981 599 1073 sequitur
615 979 784 1072 flectitque
801 1001 900 1048 senex

255 1084 387 1161 A'rctica
407 1090 520 1160 tardus
543 1087 689 1183 plaustra
709 1094 854 1158 Bootes:

256 1202 414 1272 Nondum
432 1204 571 1286 Boreas,
584 1198 734 1270 nondum
752 1199 923 1293 Zephyrus

375 1311 378 1318 ’
449 1310 581 1378 Nomen
602 1307 779 1376 habebant.

256 1422 364 1489 Ausus
382 1419 506 1515 Tiphys
525 1416 670 1513 pandere
690 1431 781 1486 vasto

256 1528 402 1598 Carbasa
424 1542 550 1621 ponto,
568 1525 719 1619 legesque
737 1549 837 1594 novas

256 1638 407 1706 Scribere
427 1639 556 1728 ventis:
580 1660 671 1704 nunc
691 1634 756 1726 lina
777 1635 851 1702 sinu

254 1747 404 1816 Tendere
426 1763 521 1816 toto:
543 1769 632 1814 nunc
650 1742 780 1838 prolato

258 1855 345 1926 Pede
367 1870 570 1926 transversos
590 1867 722 1947 captare
742 1855 871 1922 Notos:

155 2041 219 2094 311.
236 2039 348 2092 Nouum
363 2041 471 2111 planias,
487 2053 536 2095 etc.
552 2039 621 2113 Hya·
665 2039 785 2112 legesque
802 2057 875 2091 nom
894 2036 965 2088 scrib.
977 2037 1066 2088 uentis.
1082 2035 1117 2087 Et
1135 2025 1176 2087 in-

116 2115 161 2171 des
170 2131 229 2172 ortu
240 2131 266 2172 et
277 2137 369 2172 occasu
380 2138 428 2172 suo
441 2120 542 2189 pluvias
554 2133 623 2173 tern-
665 2117 753 2171 dicare
763 2115 899 2188 quomodo
908 2113 1121 2187 oporteatventis
1131 2132 1177 2167 na·

115 2211 277 2270 pestatesqne
292 2199 417 2254 excitant.
431 2197 496 2252 vid.
510 2199 621 2270 Thyeet.
663 2197 719 2256 vim
733 2214 831 2267 regere.

113 2295 152 2329 rs.
168 2277 235 2343 853,
247 2292 304 2331 not,
704 2275 767 2328 320.
781 2277 854 2330 Nunc
869 2275 886 2327 l.
901 2294 921 2326 e.
935 2271 1041 2325 Tendere
1054 2282 1114 2326 toto.
1128 2274 1173 2326 Se·

153 2355 219 2409 312.
240 2355 351 2430 Hyadas.
377 2357 410 2408 In
435 2357 522 2410 fronte
537 2355 620 2410 Tauri
665 2353 769 2409 enudus
783 2353 848 2408 dum
862 2354 944 2424 spirat
957 2362 1058 2406 ventus.

113 2447 212 2504 septem
237 2450 298 2490 sunt
317 2435 414 2501 stelle,
437 2454 495 2508 qun
517 2435 621 2489 Suculae
704 2429 1177 2503 dar.ll'ancprolato‚etc.Obliqua-

114 2513 281 2583 appeliantur
294 2515 403 2568 Latinis.
664 2514 698 2567 tis
713 2511 745 2566 ad
759 2511 918 2584 captandum
934 2511 1042 2564 flantem
1060 2529 1075 2562 a
1092 2509 1174 2562 latere

152 2590 218 2644 313.
229 2593 509 2664 Olenioesideraeapm.
522 2591 555 2646 Id
567 2605 621 2657 est,
663 2605 771 2646 ventum
794 2592 873 2658 velie,
900 2586 1038 2651 nodedun,
1062 2587 1090 2641 id
1117 2601 1174 2652 est,

112 2669 257 2725 Amaltheae
266 2673 336 2726 inter
347 2672 431 2726 sidera
442 2674 539 2738 relatae,
548 2671 621 2744 quod
663 2665 746 2724 imum
763 2672 815 2724 veli
831 2671 973 2742 angulum,
989 2664 1122 2740 producto
1136 2668 1176 2720 al·

110 2749 170 2800 luri
182 2751 223 2804 lac
234 2752 389 2826 praebuisset
397 2771 480 2825 prope
489 2752 620 2818 Olenum,
664 2762 735 2816 toro,
749 2749 886 2804 reducere.

111 2827 219 2884 Achaia
234 2829 375 2901 oppidum.
443 2885 447 2894 ,
705 2830 770 2884 ina.
793 2830 868 2883 Pede.
889 2829 967 2886 Parte
988 2827 1039 2878 'reli
1066 2825 1174 2890 infima,
1212 2871 1214 2876 .

148 2907 347 2982 tantumque
359 2913 475 2982 sequitur,
487 2923 537 2964 etc.
558 2911 580 2963 1.
595 2929 619 2964 e.
663 2926 721 2979 qun
737 2907 770 2960 ad
781 2908 848 2961 latus
861 2908 936 2960 atavia
950 2905 1084 2975 religatur,
1093 2922 1173 2975 quarn

109 3004 163 3039 non
176 3002 274 3042 norant
289 2987 389 3054 sidera,
403 3007 477 3061 qun,
491 3001 541 3043 etc.
663 3000 748 3040 nautas
758 3025 766 3050 ,
777 3000 858 3058 prout
869 2996 1006 3055 tempestas
1017 2983 1115 3056 poscit,
1127 2995 1172 3037 eut

148 3065 218 3122 ³15.
235 3067 328 3133 Senex,
348 3081 400 3122 etc.
423 3067 490 3122 Satis
512 3081 621 3141 apparet
662 3067 837 3130 connubunt,
851 3077 896 3118 aut
919 3065 1016 3116 laxant.
1035 3061 1171 3126 Catullus,

108 3141 235 3201 &marn
252 3166 344 3200 eorum
357 3148 512 3219 opinionem
528 3148 619 3219 aequi,
641 3165 642 3168 ¹
663 3145 750 3200 Caum.
761 3164 800 3209 rr,
812 3165 849 3197 vs.
863 3163 896 3196 uo
910 3161 917 3196 τ
935 3167 946 3188 ι
957 3141 1012 3194 eive
1027 3155 1172 3212 utrumque

109 3225 153 3292 qui
173 3239 270 3296 putant
291 3227 392 3280 Booten
410 3244 466 3280 esse
486 3227 620 3291 Icarium,
662 3225 769 3296 Jupiter
785 3224 871 3277 Simul
891 3219 1020 3276 secundus
1040 3219 1173 3274 incidisset

107 3300 241 3375 Erigones
252 3318 364 3376 patrem.
378 3306 529 3359 Germanici
540 3307 620 3358 inter·
662 3303 690 3356 in
703 3303 812 3375 pedenr;
828 3330 839 3352 ι
855 3321 910 3374 quo
921 3321 952 3356 ex
967 3301 1026 3354 loco
1040 3299 1107 3352 duos
1121 3300 1171 3352 laos

106 3397 184 3449 pree:
203 3383 320 3450 Bootes,
342 3385 443 3457 inquit,
466 3385 512 3454 qui
529 3398 555 3438 et
570 3387 620 3437 Ar·
663 3401 718 3436 esee
730 3383 850 3437 nauticos
860 3381 941 3454 pedes
957 3379 1057 3451 colligit
1069 3380 1172 3432 Turne·

105 3470 215 3525 cturne,
226 3463 310 3517 fertur
323 3483 376 3518 esse
392 3477 479 3517 custos
492 3462 618 3525 Plaustri,
662 3463 726 3525 bun
739 3476 765 3514 et
775 3461 943 3533 Pimpuntius
957 3460 1040 3512 multa
1054 3457 1087 3511 ad
1104 3457 1171 3510 illud
1188 3451 1195 3464 ’
1227 3523 1230 3530 ,

105 3540 227 3612 eoquod
241 3543 361 3614 sequitur
374 3545 542 3608 Plaustrum,
557 3543 584 3596 h.
595 3561 619 3596 e.
662 3540 967 3611 Virgil.AEn.V,8302
991 3557 1064 3591 uuna
1080 3555 1172 3590 oannes

105 3615 324 3688 septemtriones.
662 3619 869 3690 iecerepedern3
885 3643 895 3665 ι
910 3619 956 3671 nbi
972 3616 1173 3672 Servium-Po·
1241 3615 1243 3624 ⁴

144 3698 397 3772 315.Aretiea,qnia
406 3701 471 3772 polo
481 3700 618 3754 viciniora.
662 3699 733 3752 diam
748 3694 820 3768 (lego
840 3698 940 3768 pedem
967 3696 1007 3748 rel
1027 3684 1172 3768 pedenna),

105 3773 167 3828 Vid.
184 3778 331 3833 Animadv.
428 3837 431 3844 ¹
661 3777 726 3831 lue.
743 3777 849 3839 funem,
868 3796 922 3847 quo
937 3775 1055 3829 tenditur
1070 3776 1173 3834 aulum,

144 3855 218 3911 ³18.
236 3860 319 3911 Araus
336 3858 440 3930 Tiptps,
462 3871 513 3912 etc.
533 3860 617 3928 Argo·
661 3855 733 3929 quod
756 3856 841 3909 Greci
861 3853 931 3910 atae
949 3867 1061 3916 vocant,
1083 3866 1113 3906 ut
1132 3864 1173 3906 eat

100 3946 198 3987 nautas
223 3939 339 4008 primurn
361 3936 495 4007 navigasse
518 3951 617 3990 canunt
660 3935 732 4006 apud
746 3927 1165 4002 PindarumetAristophanem.-

100 4025 206 4078 poetae,
225 4016 334 4087 Tiphyn
359 4017 477 4088 primurn
500 4015 566 4070 velie
591 4030 617 4072 et
659 4015 722 4069 Haec
731 4016 847 4070 Servius.
858 4015 914 4086 Ego
928 4012 1082 4067 nemetiam
1096 4007 1172 4081 apud

98 4089 187 4144 stellis
200 4093 230 4146 in
240 4093 388 4168 navigando
402 4114 479 4149 usum
492 4095 582 4149 luisse.
660 4095 816 4157 Homerum,
826 4093 921 4166 Odyss.
928 4094 965 4156 V,
975 4103 1002 4146 et
1011 4088 1173 4160 Euripidem

99 4213 111 4232 -.
146 4168 220 4240 319.
229 4173 352 4244 Carina,
362 4175 419 4231 vele
432 4173 615 4230 carbaeine.-
660 4174 688 4227 in
700 4175 812 4229 Taurica
830 4171 968 4245 iphigenia
986 4168 1101 4223 invenio.
1117 4165 1174 4220 l’li·
