3008 5158
362 504 426 550 sno
670 483 724 552 IN
752 483 1105 552 HIPPOLYTUM

347 612 453 666 nuntiat
461 610 582 664 Gronov.
594 623 620 665 et
633 595 807 685 perpetuum,
818 631 868 685 pro
876 614 952 681 suco,
964 610 1132 684 plebeiorum
1142 609 1265 664 codicum
1276 609 1412 664 mendum.

348 689 436 748 Sulco,
456 689 530 762 quod
542 689 658 745 Grutero
674 693 835 764 perplacuit,
851 706 922 746 ercet
938 692 1048 745 verbum
1064 694 1196 761 spargitur.

393 778 475 840 ¹⁰49·
490 771 592 824 Pistris.
609 774 751 839 Aventius,
769 773 876 836 Pristis,-
896 773 933 826 sic
949 772 983 824 ll.
999 772 1072 824 Petr.
1092 772 1152 824 seh.
1166 769 1272 841 Gryph.
1290 781 1316 822 et
1329 770 1363 824 nl.
1375 801 1411 812 -

348 849 434 902 Sorbet
447 871 476 902 cc
490 850 576 902 reddit.
593 852 714 906 Gronov.
728 865 754 906 et
769 853 891 908 nonnuli.
906 853 939 904 ul.
953 873 964 894 ι
973 853 1063 904 sorbet
1073 865 1118 904 ant
1131 849 1228 903 reddit.
1240 877 1251 898 ι
1264 848 1343 915 Quod
1359 868 1410 904 non

346 928 507 1000 legendum,
525 929 571 983 sed
587 952 631 988 uc,
648 945 787 1003 propterea
806 933 1001 997 existimamus,
1018 929 1091 1002 quod
1105 932 1163 983 hec
1177 941 1280 983 tantum
1300 948 1355 981 ooo
1369 948 1411 982 eo·

346 1007 407 1061 dem
418 1009 497 1062 simul
515 1009 584 1063 liunt
597 1024 731 1083 tempore,
745 1025 774 1065 ut
790 1013 833 1064 vix
850 1011 1003 1082 distinguas.
1014 1041 1054 1050 -
1065 1012 1106 1062 Ae
1121 1010 1208 1062 reddit.
1223 1009 1301 1062 Roth.
1314 1007 1410 1060 Redeo.

339 1089 456 1158 frangit,
470 1089 543 1160 quod
555 1109 603 1144 nos
614 1091 746 1163 paulisper
760 1093 905 1144 commovit
922 1092 1038 1162 fecitque
1050 1091 1208 1144 hesitantes.
1218 1089 1252 1142 Et
1262 1087 1327 1142 dicit
1336 1087 1409 1140 Both.

345 1187 401 1220 uon
418 1167 531 1240 pistricis
546 1171 686 1242 proprium
702 1191 774 1234 csse,
794 1170 906 1226 reddere
924 1169 998 1242 quod
1011 1169 1123 1224 sorbuit.
1136 1171 1235 1242 Argnte
1249 1167 1344 1232 nimis;
1365 1184 1412 1219 nec

343 1247 411 1326 illud
427 1248 478 1301 soli
494 1249 631 1319 Charybdi
650 1252 784 1305 convenit.
805 1253 881 1304 Unus
893 1270 926 1304 ex
945 1262 1015 1304 nost.
1036 1249 1115 1304 MSS.
1129 1249 1229 1303 scilicet
1244 1246 1318 1309 8034
1328 1247 1410 1314 ,frun-

342 1331 389 1398 ptr.
404 1328 461 1380 Nos
473 1329 599 1398 majorem
614 1331 750 1403 sequimur
765 1349 917 1384 numerum.

386 1406 467 1461 1053.
481 1408 603 1479 Dissupit.
616 1411 697 1464 Notst
711 1411 823 1464 Pontao.
835 1410 932 1464 alicubi
944 1409 995 1480 legi
1008 1409 1133 1474 discessit,
1155 1419 1181 1460 et
1201 1403 1310 1478 quidem
1328 1404 1411 1458 multo

347 1488 435 1540 minus
449 1487 546 1540 vivide.

386 1567 435 1620 10⁵
440 1585 466 1637 7.
480 1567 526 1620 Ad
537 1566 628 1635 Argos.
643 1567 772 1621 Nonnulli
784 1564 863 1620 codd.
879 1585 966 1636 apros,
977 1563 1051 1637 quod
1065 1560 1165 1617 mendo
1184 1563 1355 1618 librariorum
1366 1563 1410 1616 oh·

344 1647 435 1718 repsit.
449 1643 520 1698 Vide
531 1645 594 1698 Not.
1221 1651 1224 1672 ¹

387 1730 466 1779 1060.
478 1727 640 1777 Proesentcns.
653 1721 803 1776 Crnseriau.
811 1723 977 1793 praecipitans.
1248 1789 1254 1802 Ι

387 1809 469 1858 1061.
489 1805 605 1856 Prolsuit.
624 1801 696 1866 Alii,
710 1802 837 1872 proelusit;
857 1803 944 1854 miuus
969 1814 1055 1866 recte,
1075 1802 1113 1854 ait
1133 1800 1283 1867 Gruterus,
1299 1813 1410 1875 propter

343 1883 497 1957 precedens
506 1895 671 1953 presentans,
682 1879 755 1952 qnod
770 1882 793 1934 ei
812 1898 910 1934 sonum
924 1880 986 1934 lucit
1011 1881 1221 1934 inamoeniorem.
1240 1882 1275 1934 Et
1297 1881 1410 1953 alioqui,

342 1965 417 2036 prius
432 1963 498 2016 illud
512 1973 617 2016 servant
631 1962 707 2014 lllSS.
723 1960 778 2014 iere
792 1980 900 2024 omnes,
914 1974 1025 2031 excepto
1046 1960 1118 2032 quod
1137 1961 1277 2024 nonnulli,
1291 1963 1408 2030 proderit.

384 2044 469 2097 1063.
486 2045 520 2096 Et
537 2054 612 2094 torua.
627 2041 670 2094 Sic
688 2059 720 2094 ex
734 2039 791 2094 MS.
800 2041 947 2094 recentiore
962 2040 1100 2105 Palatino,
1117 2041 1236 2094 Gronov.
1252 2041 1334 2096 Roth.
1347 2041 1408 2094 Bsd.

342 2134 368 2175 et
379 2123 412 2176 sl.
425 2123 508 2195 Lipsii
520 2122 587 2174 liber
605 2122 745 2194 Terraque,
757 2133 847 2174 contra
862 2120 936 2172 metri
949 2119 1042 2191 legem.
1058 2119 1092 2172 Et
1106 2120 1164 2174 vult
1186 2119 1258 2172 idem
1274 2120 1348 2192 Lips.
1360 2121 1409 2192 legi

345 2203 508 2274 Tor-rumque,
522 2214 550 2256 ut
568 2199 601 2254 nd
617 2214 764 2254 monstrum
777 2201 916 2254 reseratu-r.

383 2301 468 2353 ¹07⁰·
487 2283 641 2353 Quocumque
654 2281 750 2332 rabidos
762 2280 864 2350 pauidus
880 2300 944 2332 eres.
956 2280 1010 2347 sur.
1024 2278 1143 2332 Gronov.
1157 2291 1185 2332 et
1196 2279 1231 2332 sl.
1246 2305 1257 2326 ι
1266 2297 1408 2351 quecumq.

340 2361 450 2432 pavidos
466 2359 574 2432 rapidus
590 2379 612 2412 e.
628 2360 646 2413 l.
662 2386 672 2407 ι
691 2372 717 2412 et
732 2373 815 2424 certe,
827 2359 952 2412 facillima
968 2359 1014 2412 tali
1025 2358 1134 2414 lectioni
1144 2359 1279 2430 utrimque
1292 2379 1357 2414 ansa
1372 2361 1409 2414 el'·

339 2441 432 2493 fertur.
452 2440 563 2510 Seqnnti
579 2457 672 2491 snmus
685 2437 811 2491 Bothinm
823 2451 849 2491 et
865 2437 964 2492 Redeo.
978 2456 1063 2510 quum
1075 2439 1224 2511 presertim
1242 2440 1270 2492 in
1281 2441 1409 2510 proximis

341 2521 453 2591 legatur,
473 2522 563 2588 1969,
580 2519 642 2588 equi
656 2537 755 2588 rapuere
767 2537 887 2572 currum.

383 2601 462 2652 roso.
481 2599 547 2652 Nam
568 2610 634 2650 torvo
653 2597 742 2650 obuius.
763 2596 839 2650 Solus
859 2597 992 2652 editorum
1012 2597 1138 2663 Bothius,
1156 2615 1188 2652 ex
1209 2597 1327 2652 Florent.
1346 2599 1410 2652 Num

341 2690 391 2730 toto
406 2677 458 2730 clu.
471 2690 498 2730 et
512 2679 567 2748 jem
585 2690 659 2731 antea
673 2678 832 2748 probaverat
844 2679 901 2731 Jnc.
916 2678 1036 2732 Gronov.
1056 2679 1084 2730 in
1097 2675 1201 2731 schedis
1215 2678 1301 2731 Dicte.
1318 2701 1331 2722 ·
1342 2679 1408 2733 Nam

340 2771 405 2810 toruo
419 2754 429 2820 (
436 2755 509 2828 qnod
521 2756 621 2828 vulgati
635 2755 715 2810 codd.
732 2756 830 2809 hebent
840 2747 865 2825 ),
876 2777 916 2809 ore
928 2761 1146 2827 jans'occurreret
1155 2769 1241 2812 entes.
1254 2783 1265 2804 ι

382 2837 464 2891 1085.
480 2837 560 2889 Proee.
575 2841 600 2889 in
613 2857 657 2889 cru
664 2839 736 2904 suurn
752 2830 839 2907 irnplic.
854 2838 910 2890 ead.
930 2837 1000 2902 Alii,
1023 2862 1034 2884 ι
1045 2837 1074 2890 in
1087 2838 1144 2890 lore
1166 2855 1282 2908 preceps
1297 2838 1381 2892 susus.
1396 2865 1408 2887 ι

338 2917 425 2988 Major
438 2935 498 2988 pnrs
511 2914 595 2971 codic.
610 2941 622 2962 ι
633 2918 715 2970 Prec.
730 2917 758 2969 in
771 2935 817 2968 orn
829 2929 932 2988 gnatus.
942 2941 953 2963 ι
970 2919 1005 2968 At
1019 2917 1153 2987 optimus,
1169 2942 1180 2964 ι
1190 2917 1309 2990 Preceps
1320 2919 1350 2970 in
1364 2938 1411 2972 ors

337 2998 418 3050 fusus.
431 3023 442 3045 s
457 2995 540 3061 Quod
557 3015 649 3051 rernm
671 3015 726 3050 esse
745 2995 899 3049 adseverare
921 2994 1020 3058 endec,
1041 2996 1078 3048 ait
1091 2996 1263 3059 Gronovius,
1281 3011 1307 3051 et
1318 3012 1410 3067 gustus

338 3078 575 3148 interposuerunt,
593 3077 639 3148 qui
653 3077 853 3128 metuebantur
867 3073 901 3128 de
916 3075 969 3128 ulio
982 3076 1062 3128 verbs
1075 3075 1294 3146 intelligerentur.

382 3159 467 3224 1096,
484 3155 564 3207 Multo
584 3158 691 3208 cubuere.
708 3155 861 3208 Lectionem
879 3155 947 3208 lianc
966 3167 996 3207 ut
1013 3168 1167 3226 sequeretur
1186 3174 1244 3208 ase
1262 3157 1409 3227 impetrare

337 3255 392 3288 non
412 3235 501 3307 potuit
516 3236 637 3300 Rothius,
656 3248 681 3288 et
699 3235 795 3305 frigere
816 3253 873 3286 esso
889 3235 942 3296 eit,
960 3247 987 3287 et
1001 3232 1110 3288 damnat
1129 3235 1253 3307 pluribus
1272 3254 1287 3287 e
1306 3240 1408 3291 canus:

337 3317 465 3386 proponit
481 3333 559 3384 crgo,
577 3316 753 3385 multopulveus
762 3336 772 3376 ,·
784 3333 825 3378 re,
840 3327 870 3366 ut
886 3314 964 3367 nohis
980 3312 1101 3378 videtur,
1117 3333 1172 3367 non
1188 3328 1322 3385 poscente.

380 3412 464 3462 ¹099·
480 3391 567 3462 Stipite
578 3408 664 3446 erecto.
674 3394 784 3447 Variant
796 3392 943 3446 admodum
956 3391 1075 3454 codices,
1090 3397 1177 3464 ejecto,
1191 3396 1294 3463 injecto,
1306 3409 1407 3462 meto,

335 3473 513 3543 preferentes.
532 3474 653 3527 Heinsius
672 3486 755 3527 tentet
771 3477 874 3544 ingesto.
891 3474 946 3526 Nos
962 3473 1093 3545 vulgatum
1111 3473 1286 3539 retinuimus,
1308 3489 1341 3528 nt
1367 3496 1411 3529 re-

335 3572 401 3607 rem.
415 3551 487 3605 Vide
503 3551 565 3605 Not.

379 3631 463 3686 1103.
484 3631 608 3700 Virpultu.
623 3633 710 3684 Acutis
725 3649 780 3700 usp.
796 3645 847 3686 etc.
865 3629 989 3683 Heinsius
1000 3631 1107 3714 jungit,
1126 3633 1237 3703 legens:
1256 3633 1408 3706 «virgulta,

337 3727 363 3766 ct
378 3710 477 3774 acutis,
494 3723 543 3764 etc.
556 3737 568 3758 s
611 3712 612 3716 ’

379 3789 460 3844 uos.
477 3791 557 3842 Errat
571 3809 616 3858 per
629 3809 715 3858 agtus,
730 3801 782 3842 etc.
800 3790 865 3844 Fere
880 3806 988 3854 omnes,
1006 3801 1096 3842 errant.
1113 3789 1201 3844 Placet
1223 3791 1309 3844 multo
1322 3795 1410 3866 magis

335 3870 475 3942 singularis
492 3886 633 3932 nummus,
644 3887 724 3939 quem
741 3887 772 3920 ex
790 3869 907 3921 Grutero
923 3869 1079 3940 recepimus.
1093 3867 1162 3922 Vide
1177 3871 1265 3940 insnp.
1280 3871 1346 3926 Not.

378 3952 460 4004 1118.
480 3949 558 4000 Haud
570 3951 692 4020 quisquam
706 3948 799 3999 Iusreste
807 3949 883 4018 flere,
901 3962 951 4002 etc.
966 3948 1036 4012 Alii,
1051 3949 1160 4002 inversis
1172 3951 1295 4016 vocibus,
1308 3977 1319 3999 ι
1333 3952 1410 4006 haud

334 4027 362 4083 ll.
377 4031 482 4101 quisqu.
495 4029 613 4082 honeste.
626 4053 638 4074 ι
654 4026 705 4081 Sed
722 4039 826 4092 tamen,
837 4027 858 4081 si
870 4025 1036 4082 credendum
1052 4028 1074 4079 F
1075 4028 1190 4093 abricio,
1202 4029 1283 4094 lectio
1299 4031 1409 4103 vulgate

332 4121 371 4162 est
386 4111 419 4162 ab
433 4109 561 4175 brantio,
573 4107 676 4178 luitque
687 4107 759 4179 prius
773 4126 779 4160 :
795 4106 889 4161 uhand
898 4106 962 4160 flere
976 4107 1084 4160 honeste
1099 4108 1211 4179 quisque
1224 4106 1312 4179 quod,
1323 4123 1378 4165 etc.
1391 4137 1403 4158 ι
