<?xml version="1.0" encoding="UTF-8"?>
<!DOCTYPE html PUBLIC "-//W3C//DTD XHTML 1.0 Transitional//EN"
    "http://www.w3.org/TR/xhtml1/DTD/xhtml1-transitional.dtd">
<html xmlns="http://www.w3.org/1999/xhtml" xml:lang="en" lang="en">
 <head>
  <title>
</title>
<meta http-equiv="Content-Type" content="text/html;charset=utf-8" />
  <meta name='ocr-system' content='tesseract 3.04.00' />
  <meta name='ocr-capabilities' content='ocr_page ocr_carea ocr_par ocr_line ocrx_word'/>
</head>
<body>
  <div class='ocr_page' id='page_1' title='image "./lannsenecparste01piergoog_0125.png"; bbox 0 0 3008 5158; ppageno 0'>
   <div class='ocr_carea' id='block_1_1' title="bbox 379 461 1130 536">
    <p class='ocr_par' dir='ltr' id='par_1_1' title="bbox 379 461 1130 536">
     <span class='ocr_line' id='line_1_1' title="bbox 379 461 1130 536; baseline 0.004 -5"><span class='ocrx_word' id='word_1_1' title='bbox 379 483 443 531; x_wconf 76' lang='lat'>112</span> <span class='ocrx_word' id='word_1_2' title='bbox 689 461 745 530; x_wconf 86' lang='lat' dir='ltr'>IN</span> <span class='ocrx_word' id='word_1_3' title='bbox 770 463 1130 536; x_wconf 88' lang='lat' dir='ltr'>HIPPOLYTUM</span> 
     </span>
    </p>
   </div>
   <div class='ocr_carea' id='block_1_2' title="bbox 336 590 1451 4168">
    <p class='ocr_par' dir='ltr' id='par_1_2' title="bbox 373 590 1432 980">
     <span class='ocr_line' id='line_1_2' title="bbox 378 590 1430 664; baseline 0.012 -24"><span class='ocrx_word' id='word_1_4' title='bbox 378 617 390 640; x_wconf 81' lang='grc' dir='ltr'>ι</span> <span class='ocrx_word' id='word_1_5' title='bbox 403 590 507 644; x_wconf 82' lang='lat' dir='ltr'>intimis</span> <span class='ocrx_word' id='word_1_6' title='bbox 520 607 603 644; x_wconf 72' lang='lat' dir='ltr'>sevus</span> <span class='ocrx_word' id='word_1_7' title='bbox 618 603 693 644; x_wconf 80' lang='lat' dir='ltr'>vorot</span> <span class='ocrx_word' id='word_1_8' title='bbox 704 590 860 646; x_wconf 84' lang='lat' dir='ltr'>Visceribus</span> <span class='ocrx_word' id='word_1_9' title='bbox 873 593 941 664; x_wconf 75' lang='lat' dir='ltr'>ignis</span> <span class='ocrx_word' id='word_1_10' title='bbox 956 611 1073 660; x_wconf 65' lang='lat' dir='ltr'>mersus,</span> <span class='ocrx_word' id='word_1_11' title='bbox 1088 607 1114 648; x_wconf 91' lang='lat' dir='ltr'>et</span> <span class='ocrx_word' id='word_1_12' title='bbox 1129 613 1209 648; x_wconf 80' lang='lat' dir='ltr'>renes</span> <span class='ocrx_word' id='word_1_13' title='bbox 1219 595 1311 648; x_wconf 86' lang='lat' dir='ltr'>letens.</span> <span class='ocrx_word' id='word_1_14' title='bbox 1324 619 1336 644; x_wconf 77' lang='grc' dir='ltr'><strong>ι</strong></span> <span class='ocrx_word' id='word_1_15' title='bbox 1350 593 1430 653; x_wconf 79' lang='lat' dir='ltr'>Heius.</span> 
     </span>
     <span class='ocr_line' id='line_1_3' title="bbox 375 667 1432 747; baseline 0.004 -22"><span class='ocrx_word' id='word_1_16' title='bbox 375 671 531 744; x_wconf 78' lang='lat' dir='ltr'>conjiciebat</span> <span class='ocrx_word' id='word_1_17' title='bbox 540 667 623 739; x_wconf 80' lang='lat' dir='ltr'>fibris.</span> <span class='ocrx_word' id='word_1_18' title='bbox 637 668 737 724; x_wconf 84' lang='lat' dir='ltr'>Beden.</span> <span class='ocrx_word' id='word_1_19' title='bbox 746 671 811 742; x_wconf 74' lang='lat' dir='ltr'>legit</span> <span class='ocrx_word' id='word_1_20' title='bbox 822 678 899 726; x_wconf 79' lang='lat' dir='ltr'>nereis</span> <span class='ocrx_word' id='word_1_21' title='bbox 909 692 960 744; x_wconf 85' lang='lat' dir='ltr'>pro</span> <span class='ocrx_word' id='word_1_22' title='bbox 970 677 1054 738; x_wconf 74' lang='lat' dir='ltr'>oecis,</span> <span class='ocrx_word' id='word_1_23' title='bbox 1064 692 1101 726; x_wconf 87' lang='lat' dir='ltr'>vs.</span> <span class='ocrx_word' id='word_1_24' title='bbox 1121 674 1176 738; x_wconf 69' lang='lat'>64³</span> <span class='ocrx_word' id='word_1_25' title='bbox 1185 713 1193 739; x_wconf 90' lang='lat'>,</span> <span class='ocrx_word' id='word_1_26' title='bbox 1202 675 1277 746; x_wconf 85' lang='lat' dir='ltr'>quod</span> <span class='ocrx_word' id='word_1_27' title='bbox 1290 675 1432 747; x_wconf 82' lang='lat' dir='ltr'>minusple·</span> 
     </span>
     <span class='ocr_line' id='line_1_4' title="bbox 373 752 1431 824; baseline 0.004 -19"><span class='ocrx_word' id='word_1_28' title='bbox 373 764 431 816; x_wconf 89' lang='lat' dir='ltr'>oet,</span> <span class='ocrx_word' id='word_1_29' title='bbox 447 763 472 804; x_wconf 87' lang='lat' dir='ltr'>et</span> <span class='ocrx_word' id='word_1_30' title='bbox 483 763 704 820; x_wconf 80' lang='lat' dir='ltr'>anteponeremus</span> <span class='ocrx_word' id='word_1_31' title='bbox 718 753 747 804; x_wconf 78' lang='grc' dir='ltr'>τὸ</span> <span class='ocrx_word' id='word_1_32' title='bbox 757 752 864 805; x_wconf 79' lang='lat' dir='ltr'>membris</span> <span class='ocrx_word' id='word_1_33' title='bbox 875 753 980 818; x_wconf 85' lang='lat' dir='ltr'>Grotii,</span> <span class='ocrx_word' id='word_1_34' title='bbox 996 771 1173 824; x_wconf 78' lang='lat' dir='ltr'>quamquem,</span> <span class='ocrx_word' id='word_1_35' title='bbox 1189 755 1236 808; x_wconf 86' lang='lat' dir='ltr'>etsi</span> <span class='ocrx_word' id='word_1_36' title='bbox 1250 755 1386 808; x_wconf 78' lang='lat' dir='ltr'>invenuste</span> <span class='ocrx_word' id='word_1_37' title='bbox 1397 757 1431 810; x_wconf 76' lang='lat' dir='ltr'>ri·</span> 
     </span>
     <span class='ocr_line' id='line_1_5' title="bbox 376 829 1431 906; baseline 0.005 -22"><span class='ocrx_word' id='word_1_38' title='bbox 376 829 481 893; x_wconf 83' lang='lat' dir='ltr'>deutur,</span> <span class='ocrx_word' id='word_1_39' title='bbox 497 829 683 901; x_wconf 76' lang='lat' dir='ltr'>repetitionem</span> <span class='ocrx_word' id='word_1_40' title='bbox 702 833 873 885; x_wconf 78' lang='lat' dir='ltr'>secrevimus.</span> <span class='ocrx_word' id='word_1_41' title='bbox 890 832 967 886; x_wconf 90' lang='lat' dir='ltr'>Nibil</span> <span class='ocrx_word' id='word_1_42' title='bbox 979 845 1067 888; x_wconf 78' lang='lat' dir='ltr'>eutem</span> <span class='ocrx_word' id='word_1_43' title='bbox 1078 833 1148 886; x_wconf 87' lang='lat' dir='ltr'>iuter</span> <span class='ocrx_word' id='word_1_44' title='bbox 1160 851 1188 886; x_wconf 88' lang='lat' dir='ltr'>se</span> <span class='ocrx_word' id='word_1_45' title='bbox 1205 831 1431 906; x_wconf 79' lang='lat' dir='ltr'>discrepent,ets</span> 
     </span>
     <span class='ocr_line' id='line_1_6' title="bbox 375 908 966 980; baseline 0 -16"><span class='ocrx_word' id='word_1_46' title='bbox 375 911 489 964; x_wconf 86' lang='lat' dir='ltr'>lectione</span> <span class='ocrx_word' id='word_1_47' title='bbox 498 908 544 962; x_wconf 89' lang='lat' dir='ltr'>bic</span> <span class='ocrx_word' id='word_1_48' title='bbox 557 922 678 980; x_wconf 83' lang='lat' dir='ltr'>recepto,</span> <span class='ocrx_word' id='word_1_49' title='bbox 692 911 776 963; x_wconf 85' lang='lat' dir='ltr'>nostri</span> <span class='ocrx_word' id='word_1_50' title='bbox 788 929 880 964; x_wconf 88' lang='lat' dir='ltr'>omnes</span> <span class='ocrx_word' id='word_1_51' title='bbox 890 911 966 966; x_wconf 80' lang='lat' dir='ltr'>MSS.</span> 
     </span>
    </p>

    <p class='ocr_par' dir='ltr' id='par_1_3' title="bbox 374 989 1432 1364">
     <span class='ocr_line' id='line_1_7' title="bbox 417 989 1431 1061; baseline 0.002 -17"><span class='ocrx_word' id='word_1_52' title='bbox 417 990 484 1044; x_wconf 76' lang='lat'>652.</span> <span class='ocrx_word' id='word_1_53' title='bbox 498 989 537 1040; x_wconf 80' lang='lat' dir='ltr'>Et</span> <span class='ocrx_word' id='word_1_54' title='bbox 551 1007 594 1040; x_wconf 82' lang='lat' dir='ltr'>om</span> <span class='ocrx_word' id='word_1_55' title='bbox 609 989 692 1060; x_wconf 74' lang='lat' dir='ltr'>fluens</span> <span class='ocrx_word' id='word_1_56' title='bbox 710 1000 790 1042; x_wconf 80' lang='lat' dir='ltr'>tenera</span> <span class='ocrx_word' id='word_1_57' title='bbox 811 990 919 1061; x_wconf 75' lang='lat' dir='ltr'>tingebat</span> <span class='ocrx_word' id='word_1_58' title='bbox 932 991 1013 1048; x_wconf 67' lang='lat' dir='ltr'>tutor.</span> <span class='ocrx_word' id='word_1_59' title='bbox 1029 991 1203 1046; x_wconf 79' lang='lat' dir='ltr'>Excutimur</span> <span class='ocrx_word' id='word_1_60' title='bbox 1216 1004 1278 1046; x_wconf 84' lang='lat' dir='ltr'>ente</span> <span class='ocrx_word' id='word_1_61' title='bbox 1291 1011 1382 1047; x_wconf 84' lang='lat' dir='ltr'>omnes</span> <span class='ocrx_word' id='word_1_62' title='bbox 1392 1011 1431 1046; x_wconf 87' lang='lat' dir='ltr'>ees</span> 
     </span>
     <span class='ocr_line' id='line_1_8' title="bbox 376 1067 1432 1144; baseline 0.002 -22"><span class='ocrx_word' id='word_1_63' title='bbox 376 1069 423 1142; x_wconf 82' lang='lat' dir='ltr'>qui</span> <span class='ocrx_word' id='word_1_64' title='bbox 432 1085 482 1140; x_wconf 89' lang='lat' dir='ltr'>pro</span> <span class='ocrx_word' id='word_1_65' title='bbox 494 1067 567 1120; x_wconf 80' lang='lat' dir='ltr'>rubor</span> <span class='ocrx_word' id='word_1_66' title='bbox 575 1069 666 1139; x_wconf 70' lang='lat' dir='ltr'>legsmt</span> <span class='ocrx_word' id='word_1_67' title='bbox 676 1071 751 1139; x_wconf 71' lang='lat' dir='ltr'>rigor.</span> <span class='ocrx_word' id='word_1_68' title='bbox 763 1069 839 1123; x_wconf 83' lang='lat' dir='ltr'>MSS.</span> <span class='ocrx_word' id='word_1_69' title='bbox 856 1071 945 1142; x_wconf 86' lang='lat' dir='ltr'>plures</span> <span class='ocrx_word' id='word_1_70' title='bbox 957 1071 1038 1124; x_wconf 78' lang='lat' dir='ltr'>robor.</span> <span class='ocrx_word' id='word_1_71' title='bbox 1051 1071 1094 1124; x_wconf 89' lang='lat' dir='ltr'>Sic</span> <span class='ocrx_word' id='word_1_72' title='bbox 1108 1090 1215 1144; x_wconf 85' lang='lat' dir='ltr'>quoque</span> <span class='ocrx_word' id='word_1_73' title='bbox 1230 1070 1329 1126; x_wconf 80' lang='lat' dir='ltr'>Bedeu.</span> <span class='ocrx_word' id='word_1_74' title='bbox 1342 1085 1370 1126; x_wconf 87' lang='lat' dir='ltr'>et</span> <span class='ocrx_word' id='word_1_75' title='bbox 1379 1073 1432 1144; x_wconf 82' lang='lat' dir='ltr'>bip.</span> 
     </span>
     <span class='ocr_line' id='line_1_9' title="bbox 375 1148 1432 1221; baseline 0.004 -19"><span class='ocrx_word' id='word_1_76' title='bbox 375 1167 442 1221; x_wconf 84' lang='lat' dir='ltr'>quoe</span> <span class='ocrx_word' id='word_1_77' title='bbox 455 1148 602 1219; x_wconf 85' lang='lat' dir='ltr'>sequimur.</span> <span class='ocrx_word' id='word_1_78' title='bbox 613 1149 655 1202; x_wconf 79' lang='lat' dir='ltr'>At.</span> <span class='ocrx_word' id='word_1_79' title='bbox 671 1149 757 1204; x_wconf 89' lang='lat' dir='ltr'>Gron.</span> <span class='ocrx_word' id='word_1_80' title='bbox 770 1151 892 1216; x_wconf 64' lang='lat' dir='ltr'>Buthrot,</span> <span class='ocrx_word' id='word_1_81' title='bbox 902 1151 991 1219; x_wconf 83' lang='lat' dir='ltr'>pudor,</span> <span class='ocrx_word' id='word_1_82' title='bbox 1004 1152 1092 1204; x_wconf 87' lang='lat' dir='ltr'>minus</span> <span class='ocrx_word' id='word_1_83' title='bbox 1104 1150 1139 1204; x_wconf 86' lang='lat' dir='ltr'>ed</span> <span class='ocrx_word' id='word_1_84' title='bbox 1155 1165 1303 1205; x_wconf 86' lang='lat' dir='ltr'>extremum</span> <span class='ocrx_word' id='word_1_85' title='bbox 1318 1151 1432 1206; x_wconf 77' lang='lat' dir='ltr'>habitum</span> 
     </span>
     <span class='ocr_line' id='line_1_10' title="bbox 374 1221 1432 1303; baseline 0.004 -21"><span class='ocrx_word' id='word_1_86' title='bbox 374 1221 497 1300; x_wconf 64' lang='lat' dir='ltr'>&#39;spectans</span> <span class='ocrx_word' id='word_1_87' title='bbox 510 1245 589 1300; x_wconf 81' lang='lat' dir='ltr'>quum</span> <span class='ocrx_word' id='word_1_88' title='bbox 599 1228 728 1282; x_wconf 80' lang='lat' dir='ltr'>vellemus</span> <span class='ocrx_word' id='word_1_89' title='bbox 740 1229 794 1284; x_wconf 88' lang='lat' dir='ltr'>hoo</span> <span class='ocrx_word' id='word_1_90' title='bbox 805 1230 875 1284; x_wconf 85' lang='lat' dir='ltr'>loco.</span> <span class='ocrx_word' id='word_1_91' title='bbox 886 1229 1009 1286; x_wconf 79' lang='lat' dir='ltr'>Heinsius</span> <span class='ocrx_word' id='word_1_92' title='bbox 1023 1231 1076 1302; x_wconf 69' lang='lat' dir='ltr'>legi</span> <span class='ocrx_word' id='word_1_93' title='bbox 1086 1231 1143 1284; x_wconf 83' lang='lat' dir='ltr'>vult</span> <span class='ocrx_word' id='word_1_94' title='bbox 1149 1231 1235 1303; x_wconf 76' lang='lat' dir='ltr'>steen,</span> <span class='ocrx_word' id='word_1_95' title='bbox 1252 1231 1355 1286; x_wconf 83' lang='lat' dir='ltr'>scilicet</span> <span class='ocrx_word' id='word_1_96' title='bbox 1365 1231 1432 1286; x_wconf 78' lang='lat' dir='ltr'>Tbe-</span> 
     </span>
     <span class='ocr_line' id='line_1_11' title="bbox 375 1307 518 1364; baseline -0.035 0"><span class='ocrx_word' id='word_1_97' title='bbox 375 1327 420 1364; x_wconf 84' lang='lat' dir='ltr'>seo</span> <span class='ocrx_word' id='word_1_98' title='bbox 439 1307 518 1361; x_wconf 78' lang='lat' dir='ltr'>flavo.</span> 
     </span>
    </p>

    <p class='ocr_par' dir='ltr' id='par_1_4' title="bbox 373 1384 1435 1858">
     <span class='ocr_line' id='line_1_12' title="bbox 416 1384 1432 1458; baseline 0.002 -18"><span class='ocrx_word' id='word_1_99' title='bbox 416 1387 481 1444; x_wconf 81' lang='lat'>658.</span> <span class='ocrx_word' id='word_1_100' title='bbox 494 1387 542 1439; x_wconf 79' lang='lat' dir='ltr'>Est</span> <span class='ocrx_word' id='word_1_101' title='bbox 556 1387 652 1456; x_wconf 68' lang='lat' dir='ltr'>genitor</span> <span class='ocrx_word' id='word_1_102' title='bbox 669 1388 695 1436; x_wconf 80' lang='lat' dir='ltr'>in</span> <span class='ocrx_word' id='word_1_103' title='bbox 707 1397 730 1436; x_wconf 78' lang='lat' dir='ltr'>te</span> <span class='ocrx_word' id='word_1_104' title='bbox 744 1386 921 1457; x_wconf 72' lang='lat' dir='ltr'>totunvuigo,</span> <span class='ocrx_word' id='word_1_105' title='bbox 939 1411 951 1434; x_wconf 84' lang='grc' dir='ltr'>ι</span> <span class='ocrx_word' id='word_1_106' title='bbox 966 1384 1092 1453; x_wconf 83' lang='lat' dir='ltr'>...deoor,</span> <span class='ocrx_word' id='word_1_107' title='bbox 1107 1399 1134 1440; x_wconf 89' lang='lat' dir='ltr'>et</span> <span class='ocrx_word' id='word_1_108' title='bbox 1148 1387 1252 1458; x_wconf 74' lang='lat' dir='ltr'>genitor</span> <span class='ocrx_word' id='word_1_109' title='bbox 1267 1387 1336 1441; x_wconf 91' lang='lat' dir='ltr'>inte</span> <span class='ocrx_word' id='word_1_110' title='bbox 1351 1402 1432 1455; x_wconf 80' lang='lat' dir='ltr'>totus,</span> 
     </span>
     <span class='ocr_line' id='line_1_13' title="bbox 376 1463 1432 1540; baseline 0.001 -19"><span class='ocrx_word' id='word_1_111' title='bbox 376 1480 443 1521; x_wconf 80' lang='lat' dir='ltr'>ete.-</span> <span class='ocrx_word' id='word_1_112' title='bbox 461 1467 536 1539; x_wconf 78' lang='lat' dir='ltr'>quusi</span> <span class='ocrx_word' id='word_1_113' title='bbox 549 1467 602 1519; x_wconf 88' lang='lat' dir='ltr'>buc</span> <span class='ocrx_word' id='word_1_114' title='bbox 613 1463 758 1536; x_wconf 75' lang='lat' dir='ltr'>pertineret</span> <span class='ocrx_word' id='word_1_115' title='bbox 773 1468 802 1520; x_wconf 79' lang='lat' dir='ltr'>si</span> <span class='ocrx_word' id='word_1_116' title='bbox 818 1467 936 1536; x_wconf 64' lang='lat' dir='ltr'>refulget,</span> <span class='ocrx_word' id='word_1_117' title='bbox 955 1485 1039 1538; x_wconf 90' lang='lat' dir='ltr'>quum</span> <span class='ocrx_word' id='word_1_118' title='bbox 1052 1467 1080 1520; x_wconf 91' lang='lat' dir='ltr'>in</span> <span class='ocrx_word' id='word_1_119' title='bbox 1098 1465 1246 1539; x_wconf 77' lang='lat' dir='ltr'>Hippolyto</span> <span class='ocrx_word' id='word_1_120' title='bbox 1258 1467 1340 1539; x_wconf 70' lang='lat' dir='ltr'>magis</span> <span class='ocrx_word' id='word_1_121' title='bbox 1358 1488 1432 1540; x_wconf 79' lang='lat' dir='ltr'>quam</span> 
     </span>
     <span class='ocr_line' id='line_1_14' title="bbox 373 1545 1434 1622; baseline 0.002 -21"><span class='ocrx_word' id='word_1_122' title='bbox 373 1547 495 1612; x_wconf 84' lang='lat' dir='ltr'>Theseo,</span> <span class='ocrx_word' id='word_1_123' title='bbox 507 1564 562 1617; x_wconf 86' lang='lat' dir='ltr'>quo</span> <span class='ocrx_word' id='word_1_124' title='bbox 572 1559 694 1616; x_wconf 86' lang='lat' dir='ltr'>tempore</span> <span class='ocrx_word' id='word_1_125' title='bbox 706 1546 811 1600; x_wconf 83' lang='lat' dir='ltr'>Cretum</span> <span class='ocrx_word' id='word_1_126' title='bbox 826 1545 891 1598; x_wconf 89' lang='lat' dir='ltr'>olim</span> <span class='ocrx_word' id='word_1_127' title='bbox 901 1545 1050 1622; x_wconf 65' lang='lat' dir='ltr'>opprimit,</span> <span class='ocrx_word' id='word_1_128' title='bbox 1058 1546 1189 1618; x_wconf 66' lang='lat' dir='ltr'>refulgere</span> <span class='ocrx_word' id='word_1_129' title='bbox 1199 1546 1309 1601; x_wconf 71' lang='lat' dir='ltr'>Pbodre</span> <span class='ocrx_word' id='word_1_130' title='bbox 1317 1545 1387 1602; x_wconf 84' lang='lat' dir='ltr'>dicet</span> <span class='ocrx_word' id='word_1_131' title='bbox 1399 1549 1434 1602; x_wconf 88' lang='lat' dir='ltr'>iu·</span> 
     </span>
     <span class='ocr_line' id='line_1_15' title="bbox 374 1623 1433 1700; baseline 0.002 -20"><span class='ocrx_word' id='word_1_132' title='bbox 374 1639 511 1697; x_wconf 85' lang='lat' dir='ltr'>comptum</span> <span class='ocrx_word' id='word_1_133' title='bbox 523 1623 656 1678; x_wconf 86' lang='lat' dir='ltr'>decorem.</span> <span class='ocrx_word' id='word_1_134' title='bbox 668 1623 820 1696; x_wconf 78' lang='lat' dir='ltr'>Separende</span> <span class='ocrx_word' id='word_1_135' title='bbox 832 1625 914 1698; x_wconf 73' lang='lat' dir='ltr'>igitur</span> <span class='ocrx_word' id='word_1_136' title='bbox 924 1626 994 1691; x_wconf 82' lang='lat' dir='ltr'>brec,</span> <span class='ocrx_word' id='word_1_137' title='bbox 1007 1643 1093 1695; x_wconf 86' lang='lat' dir='ltr'>neque</span> <span class='ocrx_word' id='word_1_138' title='bbox 1106 1626 1278 1681; x_wconf 75' lang='lat' dir='ltr'>adolescentis</span> <span class='ocrx_word' id='word_1_139' title='bbox 1288 1626 1365 1680; x_wconf 84' lang='lat' dir='ltr'>laudi</span> <span class='ocrx_word' id='word_1_140' title='bbox 1376 1647 1433 1700; x_wconf 82' lang='lat' dir='ltr'>pro·</span> 
     </span>
     <span class='ocr_line' id='line_1_16' title="bbox 374 1703 1435 1779; baseline 0.001 -19"><span class='ocrx_word' id='word_1_141' title='bbox 374 1707 439 1779; x_wconf 76' lang='lat' dir='ltr'>prin</span> <span class='ocrx_word' id='word_1_142' title='bbox 452 1703 639 1769; x_wconf 74' lang='lat' dir='ltr'>admiscendus</span> <span class='ocrx_word' id='word_1_143' title='bbox 651 1717 736 1774; x_wconf 79' lang='lat' dir='ltr'>pater.</span> <span class='ocrx_word' id='word_1_144' title='bbox 756 1705 808 1768; x_wconf 79' lang='lat' dir='ltr'>Et,</span> <span class='ocrx_word' id='word_1_145' title='bbox 825 1723 875 1777; x_wconf 89' lang='lat' dir='ltr'>pro</span> <span class='ocrx_word' id='word_1_146' title='bbox 891 1716 942 1769; x_wconf 77' lang='lat' dir='ltr'>est,</span> <span class='ocrx_word' id='word_1_147' title='bbox 954 1717 980 1758; x_wconf 83' lang='lat' dir='ltr'>et</span> <span class='ocrx_word' id='word_1_148' title='bbox 993 1717 1100 1770; x_wconf 84' lang='lat' dir='ltr'>contra,</span> <span class='ocrx_word' id='word_1_149' title='bbox 1111 1718 1178 1778; x_wconf 69' lang='lat' dir='ltr'>sepe</span> <span class='ocrx_word' id='word_1_150' title='bbox 1196 1707 1359 1777; x_wconf 87' lang='lat' dir='ltr'>scripserunt</span> <span class='ocrx_word' id='word_1_151' title='bbox 1371 1708 1435 1762; x_wconf 86' lang='lat' dir='ltr'>osci·</span> 
     </span>
     <span class='ocr_line' id='line_1_17' title="bbox 376 1782 1346 1858; baseline 0.001 -18"><span class='ocrx_word' id='word_1_152' title='bbox 376 1799 461 1840; x_wconf 79' lang='lat' dir='ltr'>tentes</span> <span class='ocrx_word' id='word_1_153' title='bbox 472 1784 582 1838; x_wconf 76' lang='lat' dir='ltr'>librarii.</span> <span class='ocrx_word' id='word_1_154' title='bbox 598 1784 682 1837; x_wconf 84' lang='lat' dir='ltr'>Boru.</span> <span class='ocrx_word' id='word_1_155' title='bbox 697 1813 737 1824; x_wconf 91' lang='lat'>—</span> <span class='ocrx_word' id='word_1_156' title='bbox 747 1784 800 1837; x_wconf 88' lang='lat' dir='ltr'>Pro</span> <span class='ocrx_word' id='word_1_157' title='bbox 809 1797 886 1850; x_wconf 80' lang='lat' dir='ltr'>tetus,</span> <span class='ocrx_word' id='word_1_158' title='bbox 898 1783 974 1838; x_wconf 76' lang='lat' dir='ltr'>MSS.</span> <span class='ocrx_word' id='word_1_159' title='bbox 986 1782 1060 1856; x_wconf 86' lang='lat' dir='ltr'>quid.</span> <span class='ocrx_word' id='word_1_160' title='bbox 1071 1799 1097 1840; x_wconf 90' lang='lat' dir='ltr'>et</span> <span class='ocrx_word' id='word_1_161' title='bbox 1105 1786 1187 1858; x_wconf 75' lang='lat' dir='ltr'>antiq.</span> <span class='ocrx_word' id='word_1_162' title='bbox 1201 1785 1244 1840; x_wconf 89' lang='lat' dir='ltr'>ed.</span> <span class='ocrx_word' id='word_1_163' title='bbox 1258 1798 1346 1841; x_wconf 73' lang='lat' dir='ltr'>tereus.</span> 
     </span>
    </p>

    <p class='ocr_par' dir='ltr' id='par_1_5' title="bbox 372 1863 1435 2176">
     <span class='ocr_line' id='line_1_18' title="bbox 415 1863 1435 1938; baseline 0.001 -19"><span class='ocrx_word' id='word_1_164' title='bbox 415 1869 482 1936; x_wconf 80' lang='lat'>667.</span> <span class='ocrx_word' id='word_1_165' title='bbox 501 1865 617 1936; x_wconf 75' lang='lat' dir='ltr'>desperes</span> <span class='ocrx_word' id='word_1_166' title='bbox 639 1863 694 1916; x_wconf 78' lang='lat' dir='ltr'>labe</span> <span class='ocrx_word' id='word_1_167' title='bbox 713 1863 798 1930; x_wconf 72' lang='lat' dir='ltr'>nuth,</span> <span class='ocrx_word' id='word_1_168' title='bbox 818 1877 867 1918; x_wconf 86' lang='lat' dir='ltr'>etc.</span> <span class='ocrx_word' id='word_1_169' title='bbox 881 1865 954 1916; x_wconf 88' lang='lat' dir='ltr'>Vett.</span> <span class='ocrx_word' id='word_1_170' title='bbox 973 1863 1034 1917; x_wconf 89' lang='lat' dir='ltr'>edd.</span> <span class='ocrx_word' id='word_1_171' title='bbox 1056 1864 1085 1918; x_wconf 86' lang='lat' dir='ltr'>iu</span> <span class='ocrx_word' id='word_1_172' title='bbox 1106 1864 1148 1918; x_wconf 88' lang='lat' dir='ltr'>bis</span> <span class='ocrx_word' id='word_1_173' title='bbox 1161 1865 1239 1920; x_wconf 81' lang='lat' dir='ltr'>Fern.</span> <span class='ocrx_word' id='word_1_174' title='bbox 1256 1878 1284 1919; x_wconf 88' lang='lat' dir='ltr'>et</span> <span class='ocrx_word' id='word_1_175' title='bbox 1304 1866 1435 1938; x_wconf 82' lang='lat' dir='ltr'>sequiores</span> 
     </span>
     <span class='ocr_line' id='line_1_19' title="bbox 375 1941 1434 2016; baseline -0.001 -18"><span class='ocrx_word' id='word_1_176' title='bbox 375 1945 524 2009; x_wconf 73' lang='lat' dir='ltr'>nonnullo,</span> <span class='ocrx_word' id='word_1_177' title='bbox 542 1957 572 1997; x_wconf 91' lang='lat' dir='ltr'>ut</span> <span class='ocrx_word' id='word_1_178' title='bbox 590 1941 692 1996; x_wconf 87' lang='lat' dir='ltr'>Delrii:</span> <span class='ocrx_word' id='word_1_179' title='bbox 710 1943 825 2014; x_wconf 74' lang='lat' dir='ltr'>desperes</span> <span class='ocrx_word' id='word_1_180' title='bbox 845 1944 911 1996; x_wconf 79' lang='lat' dir='ltr'>uuile</span> <span class='ocrx_word' id='word_1_181' title='bbox 935 1944 997 2008; x_wconf 72' lang='lat' dir='ltr'>tate,</span> <span class='ocrx_word' id='word_1_182' title='bbox 1014 1944 1132 1998; x_wconf 86' lang='lat' dir='ltr'>numeris</span> <span class='ocrx_word' id='word_1_183' title='bbox 1153 1944 1281 2016; x_wconf 83' lang='lat' dir='ltr'>quidem,</span> <span class='ocrx_word' id='word_1_184' title='bbox 1303 1946 1342 2000; x_wconf 82' lang='lat' dir='ltr'>uit</span> <span class='ocrx_word' id='word_1_185' title='bbox 1360 1946 1434 1998; x_wconf 83' lang='lat' dir='ltr'>Both.</span> 
     </span>
     <span class='ocr_line' id='line_1_20' title="bbox 372 2021 1433 2098; baseline 0.001 -20"><span class='ocrx_word' id='word_1_186' title='bbox 372 2026 574 2098; x_wconf 72' lang='grc' dir='ltr'>τραγιιιωτίροις,</span> <span class='ocrx_word' id='word_1_187' title='bbox 588 2021 634 2076; x_wconf 88' lang='lat' dir='ltr'>sed</span> <span class='ocrx_word' id='word_1_188' title='bbox 645 2041 711 2076; x_wconf 87' lang='lat' dir='ltr'>sono</span> <span class='ocrx_word' id='word_1_189' title='bbox 722 2021 879 2078; x_wconf 80' lang='lat' dir='ltr'>insuaviore.</span> <span class='ocrx_word' id='word_1_190' title='bbox 888 2023 1004 2078; x_wconf 84' lang='lat' dir='ltr'>Pessime</span> <span class='ocrx_word' id='word_1_191' title='bbox 1015 2025 1121 2078; x_wconf 77' lang='lat' dir='ltr'>Ascens.</span> <span class='ocrx_word' id='word_1_192' title='bbox 1134 2047 1144 2068; x_wconf 80' lang='grc' dir='ltr'>ι</span> <span class='ocrx_word' id='word_1_193' title='bbox 1154 2026 1187 2078; x_wconf 84' lang='lat' dir='ltr'>tt.</span> <span class='ocrx_word' id='word_1_194' title='bbox 1196 2025 1268 2078; x_wconf 82' lang='lat' dir='ltr'>nulle</span> <span class='ocrx_word' id='word_1_195' title='bbox 1280 2025 1355 2091; x_wconf 80' lang='lat' dir='ltr'>iube,</span> <span class='ocrx_word' id='word_1_196' title='bbox 1369 2025 1433 2079; x_wconf 80' lang='lat' dir='ltr'>intr·</span> 
     </span>
     <span class='ocr_line' id='line_1_21' title="bbox 373 2102 1361 2176; baseline 0 -17"><span class='ocrx_word' id='word_1_197' title='bbox 373 2119 413 2159; x_wconf 80' lang='lat' dir='ltr'>cte</span> <span class='ocrx_word' id='word_1_198' title='bbox 425 2117 451 2158; x_wconf 88' lang='lat' dir='ltr'>et</span> <span class='ocrx_word' id='word_1_199' title='bbox 463 2105 622 2158; x_wconf 80' lang='lat' dir='ltr'>innocens.-</span> <span class='ocrx_word' id='word_1_200' title='bbox 640 2102 772 2174; x_wconf 86' lang='lat' dir='ltr'>Sequente</span> <span class='ocrx_word' id='word_1_201' title='bbox 787 2122 861 2157; x_wconf 74' lang='lat' dir='ltr'>versu</span> <span class='ocrx_word' id='word_1_202' title='bbox 876 2102 954 2156; x_wconf 84' lang='lat' dir='ltr'>Fern.</span> <span class='ocrx_word' id='word_1_203' title='bbox 971 2121 1082 2175; x_wconf 85' lang='lat' dir='ltr'>qnoque</span> <span class='ocrx_word' id='word_1_204' title='bbox 1093 2122 1250 2176; x_wconf 75' lang='lat' dir='ltr'>perperam:</span> <span class='ocrx_word' id='word_1_205' title='bbox 1268 2107 1361 2160; x_wconf 68' lang='lat' dir='ltr'>mutor.</span> 
     </span>
    </p>

    <p class='ocr_par' dir='ltr' id='par_1_6' title="bbox 373 2181 1437 2492">
     <span class='ocr_line' id='line_1_22' title="bbox 415 2181 1436 2255; baseline -0.002 -17"><span class='ocrx_word' id='word_1_206' title='bbox 415 2187 482 2255; x_wconf 78' lang='lat'>671.</span> <span class='ocrx_word' id='word_1_207' title='bbox 494 2185 581 2254; x_wconf 68' lang='lat' dir='ltr'>Magn.</span> <span class='ocrx_word' id='word_1_208' title='bbox 597 2202 664 2254; x_wconf 72' lang='lat' dir='ltr'>regn.</span> <span class='ocrx_word' id='word_1_209' title='bbox 680 2183 713 2234; x_wconf 88' lang='lat' dir='ltr'>D.</span> <span class='ocrx_word' id='word_1_210' title='bbox 724 2182 802 2236; x_wconf 67' lang='lat' dir='ltr'>Feror</span> <span class='ocrx_word' id='word_1_211' title='bbox 814 2196 840 2236; x_wconf 89' lang='lat' dir='ltr'>et</span> <span class='ocrx_word' id='word_1_212' title='bbox 851 2181 909 2254; x_wconf 78' lang='lat' dir='ltr'>Caj.</span> <span class='ocrx_word' id='word_1_213' title='bbox 925 2183 951 2236; x_wconf 92' lang='grc'><em>0</em></span> <span class='ocrx_word' id='word_1_214' title='bbox 961 2201 1056 2253; x_wconf 72' lang='lat' dir='ltr'>magne,</span> <span class='ocrx_word' id='word_1_215' title='bbox 1067 2196 1118 2238; x_wconf 86' lang='lat' dir='ltr'>ete.</span> <span class='ocrx_word' id='word_1_216' title='bbox 1129 2184 1163 2237; x_wconf 87' lang='lat' dir='ltr'>Et</span> <span class='ocrx_word' id='word_1_217' title='bbox 1176 2184 1268 2238; x_wconf 76' lang='lat' dir='ltr'>efficax</span> <span class='ocrx_word' id='word_1_218' title='bbox 1282 2203 1346 2238; x_wconf 83' lang='lat' dir='ltr'>sene</span> <span class='ocrx_word' id='word_1_219' title='bbox 1358 2185 1436 2237; x_wconf 86' lang='lat' dir='ltr'>inter-</span> 
     </span>
     <span class='ocr_line' id='line_1_23' title="bbox 373 2261 1437 2335; baseline -0.002 -17"><span class='ocrx_word' id='word_1_220' title='bbox 373 2263 471 2335; x_wconf 81' lang='lat' dir='ltr'>jectio,</span> <span class='ocrx_word' id='word_1_221' title='bbox 482 2276 513 2317; x_wconf 85' lang='lat' dir='ltr'>ut</span> <span class='ocrx_word' id='word_1_222' title='bbox 525 2262 635 2316; x_wconf 87' lang='lat' dir='ltr'>minime</span> <span class='ocrx_word' id='word_1_223' title='bbox 647 2262 829 2326; x_wconf 73' lang='lat' dir='ltr'>recismurim,</span> <span class='ocrx_word' id='word_1_224' title='bbox 840 2263 861 2316; x_wconf 89' lang='lat' dir='ltr'>si</span> <span class='ocrx_word' id='word_1_225' title='bbox 876 2261 936 2333; x_wconf 85' lang='lat' dir='ltr'>quis</span> <span class='ocrx_word' id='word_1_226' title='bbox 951 2276 1061 2334; x_wconf 77' lang='lat' dir='ltr'>reponet</span> <span class='ocrx_word' id='word_1_227' title='bbox 1073 2281 1080 2316; x_wconf 75' lang='grc' dir='ltr'><strong><em>ι</em></strong></span> <span class='ocrx_word' id='word_1_228' title='bbox 1102 2268 1208 2316; x_wconf 75' lang='lat' dir='ltr'>miserere</span> <span class='ocrx_word' id='word_1_229' title='bbox 1220 2276 1348 2317; x_wconf 72' lang='lat' dir='ltr'>ementem.</span> <span class='ocrx_word' id='word_1_230' title='bbox 1366 2281 1437 2317; x_wconf 81' lang='lat' dir='ltr'>um.</span> 
     </span>
     <span class='ocr_line' id='line_1_24' title="bbox 374 2341 1437 2416; baseline -0.001 -19"><span class='ocrx_word' id='word_1_231' title='bbox 374 2345 400 2397; x_wconf 88' lang='lat'><strong><em>0</em></strong></span> <span class='ocrx_word' id='word_1_232' title='bbox 410 2361 507 2413; x_wconf 71' lang='lat' dir='ltr'>magne,</span> <span class='ocrx_word' id='word_1_233' title='bbox 522 2355 573 2395; x_wconf 87' lang='lat' dir='ltr'>etc.</span> <span class='ocrx_word' id='word_1_234' title='bbox 590 2341 715 2394; x_wconf 81' lang='lat' dir='ltr'>Errstum</span> <span class='ocrx_word' id='word_1_235' title='bbox 728 2343 823 2414; x_wconf 80' lang='lat' dir='ltr'>passim</span> <span class='ocrx_word' id='word_1_236' title='bbox 839 2343 866 2395; x_wconf 92' lang='lat' dir='ltr'>in</span> <span class='ocrx_word' id='word_1_237' title='bbox 880 2344 1006 2394; x_wconf 83' lang='lat' dir='ltr'>extremis</span> <span class='ocrx_word' id='word_1_238' title='bbox 1024 2343 1213 2398; x_wconf 73' lang='lat' dir='ltr'>vocabulorum</span> <span class='ocrx_word' id='word_1_239' title='bbox 1226 2344 1355 2415; x_wconf 73' lang='lat' dir='ltr'>syllabis,</span> <span class='ocrx_word' id='word_1_240' title='bbox 1369 2362 1437 2416; x_wconf 78' lang='lat' dir='ltr'>pric-</span> 
     </span>
     <span class='ocr_line' id='line_1_25' title="bbox 375 2420 1027 2492; baseline -0.002 -16"><span class='ocrx_word' id='word_1_241' title='bbox 375 2423 465 2476; x_wconf 85' lang='lat' dir='ltr'>sertim</span> <span class='ocrx_word' id='word_1_242' title='bbox 477 2423 523 2485; x_wconf 82' lang='lat' dir='ltr'>iis,</span> <span class='ocrx_word' id='word_1_243' title='bbox 536 2437 596 2491; x_wconf 72' lang='lat' dir='ltr'>qun</span> <span class='ocrx_word' id='word_1_244' title='bbox 610 2420 826 2492; x_wconf 77' lang='lat' dir='ltr'>perrumpendis</span> <span class='ocrx_word' id='word_1_245' title='bbox 839 2421 1027 2475; x_wconf 75' lang='lat' dir='ltr'>scriberentur.</span> 
     </span>
    </p>

    <p class='ocr_par' dir='ltr' id='par_1_7' title="bbox 412 2499 1381 2572">
     <span class='ocr_line' id='line_1_26' title="bbox 412 2499 1381 2572; baseline 0.001 -16"><span class='ocrx_word' id='word_1_246' title='bbox 412 2506 477 2572; x_wconf 79' lang='lat'>673.</span> <span class='ocrx_word' id='word_1_247' title='bbox 491 2499 634 2570; x_wconf 80' lang='lat' dir='ltr'>Ecquando.</span> <span class='ocrx_word' id='word_1_248' title='bbox 648 2499 726 2552; x_wconf 84' lang='lat' dir='ltr'>Fern.</span> <span class='ocrx_word' id='word_1_249' title='bbox 738 2499 779 2555; x_wconf 92' lang='lat' dir='ltr'>ed.</span> <span class='ocrx_word' id='word_1_250' title='bbox 794 2502 878 2572; x_wconf 88' lang='lat' dir='ltr'>princ.</span> <span class='ocrx_word' id='word_1_251' title='bbox 892 2501 1052 2572; x_wconf 75' lang='lat' dir='ltr'>ecquando...</span> <span class='ocrx_word' id='word_1_252' title='bbox 1069 2506 1168 2556; x_wconf 79' lang='lat' dir='ltr'>emittes.</span> <span class='ocrx_word' id='word_1_253' title='bbox 1180 2502 1275 2568; x_wconf 87' lang='lat' dir='ltr'>Idem,</span> <span class='ocrx_word' id='word_1_254' title='bbox 1291 2507 1381 2558; x_wconf 77' lang='lat' dir='ltr'>mittes.</span> 
     </span>
    </p>

    <p class='ocr_par' dir='ltr' id='par_1_8' title="bbox 336 2579 1440 2974">
     <span class='ocr_line' id='line_1_27' title="bbox 416 2579 1437 2653; baseline 0.004 -19"><span class='ocrx_word' id='word_1_255' title='bbox 416 2582 482 2650; x_wconf 78' lang='lat'>678.</span> <span class='ocrx_word' id='word_1_256' title='bbox 498 2580 616 2640; x_wconf 78' lang='lat' dir='ltr'>Redisse,</span> <span class='ocrx_word' id='word_1_257' title='bbox 631 2590 768 2646; x_wconf 80' lang='lat' dir='ltr'>tantumne,</span> <span class='ocrx_word' id='word_1_258' title='bbox 789 2593 840 2634; x_wconf 89' lang='lat' dir='ltr'>etc.</span> <span class='ocrx_word' id='word_1_259' title='bbox 853 2579 924 2642; x_wconf 76' lang='lat' dir='ltr'>Alis,</span> <span class='ocrx_word' id='word_1_260' title='bbox 941 2600 1020 2652; x_wconf 80' lang='lat' dir='ltr'>quam</span> <span class='ocrx_word' id='word_1_261' title='bbox 1033 2581 1112 2653; x_wconf 68' lang='lat' dir='ltr'>vulgo</span> <span class='ocrx_word' id='word_1_262' title='bbox 1125 2595 1194 2644; x_wconf 76' lang='lat' dir='ltr'>eret,</span> <span class='ocrx_word' id='word_1_263' title='bbox 1209 2583 1437 2653; x_wconf 73' lang='lat' dir='ltr'>interpunctione.</span> 
     </span>
     <span class='ocr_line' id='line_1_28' title="bbox 373 2657 1440 2734; baseline 0 -20"><span class='ocrx_word' id='word_1_264' title='bbox 373 2659 519 2714; x_wconf 75' lang='lat' dir='ltr'>reddidisse</span> <span class='ocrx_word' id='word_1_265' title='bbox 531 2658 632 2712; x_wconf 83' lang='lat' dir='ltr'>auctori</span> <span class='ocrx_word' id='word_1_266' title='bbox 645 2657 725 2712; x_wconf 82' lang='lat' dir='ltr'>decue</span> <span class='ocrx_word' id='word_1_267' title='bbox 737 2677 814 2713; x_wconf 87' lang='lat' dir='ltr'>suum</span> <span class='ocrx_word' id='word_1_268' title='bbox 829 2672 905 2731; x_wconf 84' lang='lat' dir='ltr'>putet</span> <span class='ocrx_word' id='word_1_269' title='bbox 917 2659 1065 2729; x_wconf 85' lang='lat' dir='ltr'>Gruterus;</span> <span class='ocrx_word' id='word_1_270' title='bbox 1080 2663 1126 2716; x_wconf 88' lang='lat' dir='ltr'>scii</span> <span class='ocrx_word' id='word_1_271' title='bbox 1140 2663 1243 2733; x_wconf 74' lang='lat' dir='ltr'>signum</span> <span class='ocrx_word' id='word_1_272' title='bbox 1257 2659 1440 2734; x_wconf 69' lang='lat' dir='ltr'>interrogandi</span> 
     </span>
     <span class='ocr_line' id='line_1_29' title="bbox 375 2739 1440 2814; baseline 0.001 -22"><span class='ocrx_word' id='word_1_273' title='bbox 375 2740 497 2806; x_wconf 84' lang='lat' dir='ltr'>immisit,</span> <span class='ocrx_word' id='word_1_274' title='bbox 511 2751 540 2792; x_wconf 92' lang='lat' dir='ltr'>ut</span> <span class='ocrx_word' id='word_1_275' title='bbox 555 2739 646 2805; x_wconf 83' lang='lat' dir='ltr'>fieret,</span> <span class='ocrx_word' id='word_1_276' title='bbox 661 2740 724 2792; x_wconf 72' lang='lat' dir='ltr'>eTu</span> <span class='ocrx_word' id='word_1_277' title='bbox 736 2741 809 2794; x_wconf 77' lang='lat' dir='ltr'>nefus</span> <span class='ocrx_word' id='word_1_278' title='bbox 820 2741 910 2810; x_wconf 85' lang='lat' dir='ltr'>stirpis</span> <span class='ocrx_word' id='word_1_279' title='bbox 923 2752 975 2793; x_wconf 77' lang='lat' dir='ltr'>tuse</span> <span class='ocrx_word' id='word_1_280' title='bbox 990 2742 1143 2812; x_wconf 72' lang='lat' dir='ltr'>speculare?</span> <span class='ocrx_word' id='word_1_281' title='bbox 1154 2768 1165 2790; x_wconf 85' lang='grc' dir='ltr'>ι</span> <span class='ocrx_word' id='word_1_282' title='bbox 1180 2741 1212 2795; x_wconf 87' lang='lat' dir='ltr'>ld</span> <span class='ocrx_word' id='word_1_283' title='bbox 1231 2752 1285 2809; x_wconf 83' lang='lat' dir='ltr'>est,</span> <span class='ocrx_word' id='word_1_284' title='bbox 1300 2745 1440 2814; x_wconf 60' lang='lat' dir='ltr'>spactant.</span> 
     </span>
     <span class='ocr_line' id='line_1_30' title="bbox 375 2817 1351 2894; baseline 0.004 -22"><span class='ocrx_word' id='word_1_285' title='bbox 375 2817 429 2873; x_wconf 87' lang='lat' dir='ltr'>Sed</span> <span class='ocrx_word' id='word_1_286' title='bbox 442 2832 527 2872; x_wconf 86' lang='lat' dir='ltr'>totum</span> <span class='ocrx_word' id='word_1_287' title='bbox 541 2817 623 2872; x_wconf 83' lang='lat' dir='ltr'>decue</span> <span class='ocrx_word' id='word_1_288' title='bbox 636 2817 724 2872; x_wconf 88' lang='lat' dir='ltr'>reddit</span> <span class='ocrx_word' id='word_1_289' title='bbox 736 2819 839 2873; x_wconf 79' lang='lat' dir='ltr'>sectori</span> <span class='ocrx_word' id='word_1_290' title='bbox 853 2818 1037 2886; x_wconf 83' lang='lat' dir='ltr'>Florentinus,</span> <span class='ocrx_word' id='word_1_291' title='bbox 1050 2839 1128 2894; x_wconf 89' lang='lat' dir='ltr'>quem</span> <span class='ocrx_word' id='word_1_292' title='bbox 1140 2839 1189 2878; x_wconf 85' lang='lat' dir='ltr'>uos</span> <span class='ocrx_word' id='word_1_293' title='bbox 1203 2821 1351 2894; x_wconf 73' lang='lat' dir='ltr'>sequimur.</span> 
     </span>
     <span class='ocr_line' id='line_1_31' title="bbox 336 2897 1330 2974; baseline -0.004 -22"><span class='ocrx_word' id='word_1_294' title='bbox 336 2911 343 2924; x_wconf 84' lang='lat'><strong><em>¹</em></strong></span> <span class='ocrx_word' id='word_1_295' title='bbox 414 2901 480 2970; x_wconf 88' lang='lat'>679.</span> <span class='ocrx_word' id='word_1_296' title='bbox 495 2897 627 2974; x_wconf 72' lang='lat' dir='ltr'>Spewlere.</span> <span class='ocrx_word' id='word_1_297' title='bbox 642 2898 687 2952; x_wconf 78' lang='lat' dir='ltr'>At.</span> <span class='ocrx_word' id='word_1_298' title='bbox 703 2901 832 2972; x_wconf 77' lang='lat' dir='ltr'>speculare.</span> <span class='ocrx_word' id='word_1_299' title='bbox 1326 2897 1330 2904; x_wconf 86' lang='lat'>&#39;</span> 
     </span>
    </p>

    <p class='ocr_par' dir='ltr' id='par_1_9' title="bbox 373 2979 1444 3290">
     <span class='ocr_line' id='line_1_32' title="bbox 413 2979 1441 3052; baseline 0.002 -22"><span class='ocrx_word' id='word_1_300' title='bbox 413 2980 478 3032; x_wconf 78' lang='lat'>682.</span> <span class='ocrx_word' id='word_1_301' title='bbox 493 2979 523 3032; x_wconf 83' lang='lat' dir='ltr'>Ie</span> <span class='ocrx_word' id='word_1_302' title='bbox 536 2999 573 3031; x_wconf 85' lang='lat' dir='ltr'>me</span> <span class='ocrx_word' id='word_1_303' title='bbox 591 2991 656 3030; x_wconf 81' lang='lat' dir='ltr'>tone.</span> <span class='ocrx_word' id='word_1_304' title='bbox 673 2979 752 3033; x_wconf 84' lang='lat' dir='ltr'>Fern.</span> <span class='ocrx_word' id='word_1_305' title='bbox 772 2979 894 3050; x_wconf 72' lang='lat' dir='ltr'>Mogunt.</span> <span class='ocrx_word' id='word_1_306' title='bbox 912 2979 950 3032; x_wconf 87' lang='lat' dir='ltr'>Tu</span> <span class='ocrx_word' id='word_1_307' title='bbox 965 2999 1001 3032; x_wconf 83' lang='lat' dir='ltr'>sse</span> <span class='ocrx_word' id='word_1_308' title='bbox 1015 2992 1080 3032; x_wconf 81' lang='lat' dir='ltr'>toea.</span> <span class='ocrx_word' id='word_1_309' title='bbox 1101 2980 1139 3033; x_wconf 87' lang='lat' dir='ltr'>Ut</span> <span class='ocrx_word' id='word_1_310' title='bbox 1152 2979 1248 3052; x_wconf 77' lang='lat' dir='ltr'>virgil.</span> <span class='ocrx_word' id='word_1_311' title='bbox 1265 2979 1374 3034; x_wconf 81' lang='lat' dir='ltr'>AEneid.</span> <span class='ocrx_word' id='word_1_312' title='bbox 1387 2979 1441 3044; x_wconf 79' lang='lat' dir='ltr'>nt.</span> 
     </span>
     <span class='ocr_line' id='line_1_33' title="bbox 375 3057 1443 3131; baseline 0.002 -18"><span class='ocrx_word' id='word_1_313' title='bbox 375 3057 429 3124; x_wconf 73' lang='lat'>⁵42</span> <span class='ocrx_word' id='word_1_314' title='bbox 441 3077 449 3111; x_wconf 73' lang='grc' dir='ltr'><strong><em>ε</em></strong></span> <span class='ocrx_word' id='word_1_315' title='bbox 466 3085 495 3112; x_wconf 83' lang='grc' dir='ltr'>ι.</span> <span class='ocrx_word' id='word_1_316' title='bbox 509 3097 533 3112; x_wconf 92' lang='grc'>..</span> <span class='ocrx_word' id='word_1_317' title='bbox 548 3071 621 3112; x_wconf 82' lang='lat' dir='ltr'>tonet</span> <span class='ocrx_word' id='word_1_318' title='bbox 631 3077 678 3112; x_wconf 89' lang='lat' dir='ltr'>ore</span> <span class='ocrx_word' id='word_1_319' title='bbox 690 3058 754 3113; x_wconf 87' lang='lat' dir='ltr'>deos</span> <span class='ocrx_word' id='word_1_320' title='bbox 765 3059 945 3130; x_wconf 85' lang='lat' dir='ltr'>Erebumque.</span> <span class='ocrx_word' id='word_1_321' title='bbox 956 3085 967 3106; x_wconf 81' lang='grc' dir='ltr'>ι</span> <span class='ocrx_word' id='word_1_322' title='bbox 986 3091 1025 3101; x_wconf 89' lang='grc'><strong>-</strong></span> <span class='ocrx_word' id='word_1_323' title='bbox 1037 3059 1079 3112; x_wconf 83' lang='lat' dir='ltr'>Me</span> <span class='ocrx_word' id='word_1_324' title='bbox 1084 3061 1154 3130; x_wconf 75' lang='lat' dir='ltr'>suge.</span> <span class='ocrx_word' id='word_1_325' title='bbox 1168 3060 1257 3126; x_wconf 73' lang='lat' dir='ltr'>Unus,</span> <span class='ocrx_word' id='word_1_326' title='bbox 1269 3059 1361 3131; x_wconf 88' lang='lat' dir='ltr'>inquit</span> <span class='ocrx_word' id='word_1_327' title='bbox 1374 3060 1443 3114; x_wconf 87' lang='lat' dir='ltr'>Gru·</span> 
     </span>
     <span class='ocr_line' id='line_1_34' title="bbox 373 3137 1444 3210; baseline -0.001 -18"><span class='ocrx_word' id='word_1_328' title='bbox 373 3153 463 3203; x_wconf 75' lang='lat' dir='ltr'>torus,</span> <span class='ocrx_word' id='word_1_329' title='bbox 477 3141 502 3190; x_wconf 84' lang='lat' dir='ltr'>in</span> <span class='ocrx_word' id='word_1_330' title='bbox 514 3140 632 3209; x_wconf 69' lang='lat' dir='ltr'>mefuge,</span> <span class='ocrx_word' id='word_1_331' title='bbox 648 3137 719 3210; x_wconf 90' lang='lat' dir='ltr'>quod</span> <span class='ocrx_word' id='word_1_332' title='bbox 735 3137 813 3192; x_wconf 81' lang='lat' dir='ltr'>elicui</span> <span class='ocrx_word' id='word_1_333' title='bbox 830 3140 918 3192; x_wconf 73' lang='lat' dir='ltr'>sorren</span> <span class='ocrx_word' id='word_1_334' title='bbox 934 3138 1086 3192; x_wconf 76' lang='lat' dir='ltr'>allubescet.</span> <span class='ocrx_word' id='word_1_335' title='bbox 1099 3139 1149 3206; x_wconf 84' lang='lat' dir='ltr'>Et,</span> <span class='ocrx_word' id='word_1_336' title='bbox 1162 3137 1197 3193; x_wconf 79' lang='lat' dir='ltr'>sd</span> <span class='ocrx_word' id='word_1_337' title='bbox 1211 3139 1280 3192; x_wconf 80' lang='lat' dir='ltr'>benc</span> <span class='ocrx_word' id='word_1_338' title='bbox 1294 3157 1374 3210; x_wconf 88' lang='lat' dir='ltr'>spem</span> <span class='ocrx_word' id='word_1_339' title='bbox 1385 3179 1392 3205; x_wconf 84' lang='lat'>,</span> <span class='ocrx_word' id='word_1_340' title='bbox 1404 3140 1444 3191; x_wconf 88' lang='lat' dir='ltr'>in-</span> 
     </span>
     <span class='ocr_line' id='line_1_35' title="bbox 373 3217 689 3290; baseline -0.003 -18"><span class='ocrx_word' id='word_1_341' title='bbox 373 3217 478 3290; x_wconf 73' lang='lat' dir='ltr'>dignari</span> <span class='ocrx_word' id='word_1_342' title='bbox 490 3218 558 3271; x_wconf 89' lang='lat' dir='ltr'>serio</span> <span class='ocrx_word' id='word_1_343' title='bbox 569 3219 689 3272; x_wconf 88' lang='lat' dir='ltr'>Botbius.</span> 
     </span>
    </p>

    <p class='ocr_par' dir='ltr' id='par_1_10' title="bbox 370 3297 1448 3592">
     <span class='ocr_line' id='line_1_36' title="bbox 415 3297 1444 3369; baseline -0.001 -16"><span class='ocrx_word' id='word_1_344' title='bbox 415 3301 481 3368; x_wconf 84' lang='grc'>687.</span> <span class='ocrx_word' id='word_1_345' title='bbox 497 3299 523 3352; x_wconf 91' lang='lat'><em>0</em></span> <span class='ocrx_word' id='word_1_346' title='bbox 532 3299 587 3350; x_wconf 65' lang='grc' dir='ltr'>καί.</span> <span class='ocrx_word' id='word_1_347' title='bbox 604 3301 670 3351; x_wconf 78' lang='lat' dir='ltr'>vinc.</span> <span class='ocrx_word' id='word_1_348' title='bbox 683 3317 747 3352; x_wconf 82' lang='lat' dir='ltr'>omn.</span> <span class='ocrx_word' id='word_1_349' title='bbox 756 3299 885 3365; x_wconf 81' lang='lat' dir='ltr'>femineum</span> <span class='ocrx_word' id='word_1_350' title='bbox 892 3317 949 3369; x_wconf 71' lang='lat' dir='ltr'>gen.</span> <span class='ocrx_word' id='word_1_351' title='bbox 960 3297 1084 3352; x_wconf 82' lang='lat' dir='ltr'>Heinsius</span> <span class='ocrx_word' id='word_1_352' title='bbox 1092 3299 1204 3352; x_wconf 81' lang='lat' dir='ltr'>melebet</span> <span class='ocrx_word' id='word_1_353' title='bbox 1217 3299 1302 3352; x_wconf 75' lang='lat' dir='ltr'>secisse</span> <span class='ocrx_word' id='word_1_354' title='bbox 1311 3299 1444 3354; x_wconf 78' lang='lat' dir='ltr'>femineo.</span> 
     </span>
     <span class='ocr_line' id='line_1_37' title="bbox 370 3377 1446 3452; baseline 0 -20"><span class='ocrx_word' id='word_1_355' title='bbox 370 3379 449 3434; x_wconf 87' lang='lat' dir='ltr'>Botb.</span> <span class='ocrx_word' id='word_1_356' title='bbox 471 3379 626 3449; x_wconf 73' lang='lat' dir='ltr'>postponit:</span> <span class='ocrx_word' id='word_1_357' title='bbox 643 3377 692 3430; x_wconf 79' lang='lat'>-0</span> <span class='ocrx_word' id='word_1_358' title='bbox 708 3377 805 3432; x_wconf 87' lang='lat' dir='ltr'>sceiere</span> <span class='ocrx_word' id='word_1_359' title='bbox 819 3379 889 3431; x_wconf 82' lang='lat' dir='ltr'>vinc.</span> <span class='ocrx_word' id='word_1_360' title='bbox 911 3397 984 3431; x_wconf 87' lang='lat' dir='ltr'>omn.</span> <span class='ocrx_word' id='word_1_361' title='bbox 1002 3379 1199 3434; x_wconf 74' lang='lat' dir='ltr'>monstriferum</span> <span class='ocrx_word' id='word_1_362' title='bbox 1214 3397 1296 3450; x_wconf 70' lang='lat' dir='ltr'>genus</span> <span class='ocrx_word' id='word_1_363' title='bbox 1308 3404 1320 3426; x_wconf 82' lang='grc' dir='ltr'>ι</span> <span class='ocrx_word' id='word_1_364' title='bbox 1335 3419 1344 3443; x_wconf 86' lang='grc'><em>,</em></span> <span class='ocrx_word' id='word_1_365' title='bbox 1362 3397 1446 3452; x_wconf 84' lang='lat' dir='ltr'>quem</span> 
     </span>
     <span class='ocr_line' id='line_1_38' title="bbox 371 3456 1448 3531; baseline 0.001 -21"><span class='ocrx_word' id='word_1_366' title='bbox 371 3457 427 3512; x_wconf 79' lang='lat' dir='ltr'>rid.</span> <span class='ocrx_word' id='word_1_367' title='bbox 443 3470 469 3511; x_wconf 88' lang='lat' dir='ltr'>et</span> <span class='ocrx_word' id='word_1_368' title='bbox 487 3476 593 3511; x_wconf 83' lang='lat' dir='ltr'>versum</span> <span class='ocrx_word' id='word_1_369' title='bbox 613 3459 688 3524; x_wconf 79' lang='lat'><strong>688,</strong></span> <span class='ocrx_word' id='word_1_370' title='bbox 706 3457 810 3512; x_wconf 86' lang='lat' dir='ltr'>uncinis</span> <span class='ocrx_word' id='word_1_371' title='bbox 831 3456 1020 3512; x_wconf 85' lang='lat' dir='ltr'>includendum</span> <span class='ocrx_word' id='word_1_372' title='bbox 1037 3457 1209 3526; x_wconf 75' lang='lat' dir='ltr'>existimavit,</span> <span class='ocrx_word' id='word_1_373' title='bbox 1226 3471 1367 3529; x_wconf 72' lang='lat' dir='ltr'>tamquam</span> <span class='ocrx_word' id='word_1_374' title='bbox 1382 3477 1448 3531; x_wconf 84' lang='lat' dir='ltr'>spu·</span> 
     </span>
     <span class='ocr_line' id='line_1_39' title="bbox 371 3557 450 3592; baseline -0.038 0"><span class='ocrx_word' id='word_1_375' title='bbox 371 3557 450 3592; x_wconf 88' lang='lat' dir='ltr'>rrum.</span> 
     </span>
    </p>

    <p class='ocr_par' dir='ltr' id='par_1_11' title="bbox 372 3615 1449 3748">
     <span class='ocr_line' id='line_1_40' title="bbox 413 3615 1449 3690; baseline 0.001 -22"><span class='ocrx_word' id='word_1_376' title='bbox 413 3619 479 3684; x_wconf 79' lang='lat'>691.</span> <span class='ocrx_word' id='word_1_377' title='bbox 492 3615 605 3681; x_wconf 81' lang='lat' dir='ltr'>Bifomi.</span> <span class='ocrx_word' id='word_1_378' title='bbox 617 3615 660 3669; x_wconf 89' lang='lat' dir='ltr'>Sic</span> <span class='ocrx_word' id='word_1_379' title='bbox 673 3616 721 3669; x_wconf 88' lang='lat' dir='ltr'>lib.</span> <span class='ocrx_word' id='word_1_380' title='bbox 730 3617 800 3672; x_wconf 85' lang='lat' dir='ltr'>bene</span> <span class='ocrx_word' id='word_1_381' title='bbox 811 3617 886 3670; x_wconf 87' lang='lat' dir='ltr'>mult.</span> <span class='ocrx_word' id='word_1_382' title='bbox 899 3636 961 3672; x_wconf 87' lang='lat' dir='ltr'>cum</span> <span class='ocrx_word' id='word_1_383' title='bbox 974 3617 1080 3683; x_wconf 62' lang='lat' dir='ltr'>Durio,</span> <span class='ocrx_word' id='word_1_384' title='bbox 1092 3635 1143 3689; x_wconf 90' lang='lat' dir='ltr'>pro</span> <span class='ocrx_word' id='word_1_385' title='bbox 1156 3616 1279 3686; x_wconf 75' lang='lat' dir='ltr'>biformis,</span> <span class='ocrx_word' id='word_1_386' title='bbox 1290 3615 1371 3690; x_wconf 83' lang='lat' dir='ltr'>quod</span> <span class='ocrx_word' id='word_1_387' title='bbox 1383 3617 1449 3672; x_wconf 71' lang='lat' dir='ltr'>aiibi</span> 
     </span>
     <span class='ocr_line' id='line_1_41' title="bbox 372 3696 524 3748; baseline -0.013 0"><span class='ocrx_word' id='word_1_388' title='bbox 372 3696 524 3748; x_wconf 77' lang='lat' dir='ltr'>exhibetur.</span> 
     </span>
    </p>

    <p class='ocr_par' dir='ltr' id='par_1_12' title="bbox 411 3773 911 3844">
     <span class='ocr_line' id='line_1_42' title="bbox 411 3773 911 3844; baseline 0.018 -22"><span class='ocrx_word' id='word_1_389' title='bbox 411 3781 477 3844; x_wconf 66' lang='grc'>694.</span> <span class='ocrx_word' id='word_1_390' title='bbox 492 3773 558 3825; x_wconf 82' lang='lat' dir='ltr'>Fato</span> <span class='ocrx_word' id='word_1_391' title='bbox 567 3773 628 3826; x_wconf 76' lang='lat' dir='ltr'>detti.</span> <span class='ocrx_word' id='word_1_392' title='bbox 642 3773 683 3826; x_wconf 74' lang='lat' dir='ltr'>Al.</span> <span class='ocrx_word' id='word_1_393' title='bbox 696 3775 768 3827; x_wconf 76' lang='lat' dir='ltr'>dante</span> <span class='ocrx_word' id='word_1_394' title='bbox 776 3794 787 3840; x_wconf 81' lang='lat'>,⁸</span> <span class='ocrx_word' id='word_1_395' title='bbox 798 3777 831 3830; x_wconf 86' lang='lat' dir='ltr'>el.</span> <span class='ocrx_word' id='word_1_396' title='bbox 844 3775 911 3831; x_wconf 70' lang='lat' dir='ltr'>date.</span> 
     </span>
    </p>

    <p class='ocr_par' dir='ltr' id='par_1_13' title="bbox 412 3852 1450 3934">
     <span class='ocr_line' id='line_1_43' title="bbox 412 3852 1450 3934; baseline -0.001 -24"><span class='ocrx_word' id='word_1_397' title='bbox 412 3857 478 3923; x_wconf 84' lang='lat'>696.</span> <span class='ocrx_word' id='word_1_398' title='bbox 491 3852 581 3906; x_wconf 79' lang='lat' dir='ltr'>Odium</span> <span class='ocrx_word' id='word_1_399' title='bbox 593 3853 714 3926; x_wconf 59' lang='lat' dir='ltr'>hietque.</span> <span class='ocrx_word' id='word_1_400' title='bbox 726 3855 857 3910; x_wconf 76' lang='lat' dir='ltr'>Ferusnd.</span> <span class='ocrx_word' id='word_1_401' title='bbox 871 3857 950 3934; x_wconf 78' lang='lat' dir='ltr'>odium</span> <span class='ocrx_word' id='word_1_402' title='bbox 961 3857 1083 3928; x_wconf 77' lang='lat' dir='ltr'>dolorque.</span> <span class='ocrx_word' id='word_1_403' title='bbox 1095 3855 1233 3919; x_wconf 83' lang='lat' dir='ltr'>Proiecto,</span> <span class='ocrx_word' id='word_1_404' title='bbox 1244 3873 1299 3910; x_wconf 87' lang='lat' dir='ltr'>nou</span> <span class='ocrx_word' id='word_1_405' title='bbox 1312 3854 1450 3911; x_wconf 83' lang='lat' dir='ltr'>deterius.</span> 
     </span>
    </p>

    <p class='ocr_par' dir='ltr' id='par_1_14' title="bbox 368 3931 1451 4086">
     <span class='ocr_line' id='line_1_44' title="bbox 411 3931 1451 4008; baseline 0.003 -22"><span class='ocrx_word' id='word_1_406' title='bbox 411 3952 473 4005; x_wconf 69' lang='grc' dir='ltr'>γοα.</span> <span class='ocrx_word' id='word_1_407' title='bbox 486 3935 576 3986; x_wconf 74' lang='lat' dir='ltr'>Arsene</span> <span class='ocrx_word' id='word_1_408' title='bbox 589 3953 659 4004; x_wconf 68' lang='lat' dir='ltr'>agar.</span> <span class='ocrx_word' id='word_1_409' title='bbox 673 3934 716 3988; x_wconf 88' lang='lat' dir='ltr'>Sic</span> <span class='ocrx_word' id='word_1_410' title='bbox 726 3935 863 4006; x_wconf 84' lang='lat' dir='ltr'>Ultreject.</span> <span class='ocrx_word' id='word_1_411' title='bbox 874 3955 980 4008; x_wconf 87' lang='lat' dir='ltr'>qunque</span> <span class='ocrx_word' id='word_1_412' title='bbox 994 3949 1022 3990; x_wconf 91' lang='lat' dir='ltr'>et</span> <span class='ocrx_word' id='word_1_413' title='bbox 1035 3935 1077 3990; x_wconf 85' lang='lat' dir='ltr'>ed.</span> <span class='ocrx_word' id='word_1_414' title='bbox 1091 3931 1299 3990; x_wconf 69' lang='lat' dir='ltr'>cet-Aemus.</span> <span class='ocrx_word' id='word_1_415' title='bbox 1313 3936 1383 3990; x_wconf 74' lang='grc' dir='ltr'>ΔΜ.</span> <span class='ocrx_word' id='word_1_416' title='bbox 1398 3939 1451 3990; x_wconf 82' lang='lat' dir='ltr'>Le·</span> 
     </span>
     <span class='ocr_line' id='line_1_45' title="bbox 368 4012 972 4086; baseline -0.007 -19"><span class='ocrx_word' id='word_1_417' title='bbox 368 4012 656 4086; x_wconf 73' lang='lat' dir='ltr'>gitFernsnd.sequar.</span> <span class='ocrx_word' id='word_1_418' title='bbox 967 4050 972 4063; x_wconf 86' lang='lat'>.</span> 
     </span>
    </p>

    <p class='ocr_par' dir='ltr' id='par_1_15' title="bbox 412 4093 1338 4168">
     <span class='ocr_line' id='line_1_46' title="bbox 412 4093 1338 4168; baseline 0.004 -22"><span class='ocrx_word' id='word_1_419' title='bbox 412 4093 474 4163; x_wconf 78' lang='lat'>703.</span> <span class='ocrx_word' id='word_1_420' title='bbox 490 4093 582 4147; x_wconf 83' lang='lat' dir='ltr'>Procul</span> <span class='ocrx_word' id='word_1_421' title='bbox 591 4098 647 4166; x_wconf 71' lang='lat' dir='ltr'>imp.</span> <span class='ocrx_word' id='word_1_422' title='bbox 659 4093 748 4148; x_wconf 68' lang='lat' dir='ltr'>unni</span> <span class='ocrx_word' id='word_1_423' title='bbox 763 4093 846 4150; x_wconf 77' lang='lat' dir='ltr'>codex</span> <span class='ocrx_word' id='word_1_424' title='bbox 858 4095 932 4168; x_wconf 88' lang='lat' dir='ltr'>epud</span> <span class='ocrx_word' id='word_1_425' title='bbox 951 4097 1100 4150; x_wconf 77' lang='lat' dir='ltr'>Pouunuur</span> <span class='ocrx_word' id='word_1_426' title='bbox 1111 4115 1118 4147; x_wconf 73' lang='lat' dir='ltr'>r</span> <span class='ocrx_word' id='word_1_427' title='bbox 1131 4095 1184 4148; x_wconf 70' lang='lat' dir='ltr'>Pro</span> <span class='ocrx_word' id='word_1_428' title='bbox 1195 4094 1338 4167; x_wconf 74' lang='lat' dir='ltr'>impudicos.</span> 
     </span>
    </p>
   </div>
   <div class='ocr_carea' id='block_1_3' title="bbox 0 0 1508 5158">
    <p class='ocr_par' dir='ltr' id='par_1_16' title="bbox 0 0 1508 5158">
     <span class='ocr_line' id='line_1_47' title="bbox 0 0 1508 5158; baseline 0 0"><span class='ocrx_word' id='word_1_429' title='bbox 0 0 1508 5158; x_wconf 95' lang='lat' dir='ltr'> </span> 
     </span>
    </p>
   </div>
  </div>
 </body>
</html>
