3154 5160
334 549 406 636 tet
627 551 667 620 c.
694 553 869 624 tuum
895 519 1110 627 sunnon

377 674 563 769 Primisque
582 672 732 743 nondum
755 676 913 746 cornibus
932 676 1061 746 findens
1079 693 1206 767 cutem,

379 786 517 856 Cervice
536 785 649 856 subito
669 784 795 875 celsus,
814 801 848 855 et
866 787 978 857 fronte
998 788 1140 877 arduus,

377 898 522 992 Gregem
541 911 716 990 paternum
735 895 845 984 ducit,
864 922 903 967 ac
923 898 1037 991 pecori
1055 898 1208 993 imperat.

377 1007 463 1097 Quae
480 1021 594 1076 tenera
614 1030 699 1076 caeso
719 1007 812 1102 virga
833 1007 875 1078 de
895 1021 1017 1078 trunco
1035 1009 1141 1096 stetit,

375 1122 442 1193 Par
459 1117 531 1211 ipsa
552 1117 650 1186 matri
668 1131 820 1212 tempore
838 1119 959 1213 exiguo
979 1117 1093 1207 subit,

375 1227 587 1322 Umbrasque
605 1227 703 1297 terris
718 1227 844 1313 reddit,
860 1244 894 1298 et
910 1228 989 1299 caelo
1008 1254 1135 1300 nemus.

318 1353 323 1362 '
377 1338 432 1407 Sic
456 1335 542 1406 male
564 1336 698 1408 relictus
717 1339 795 1433 igne
818 1338 859 1408 tle
877 1364 999 1434 magno
1019 1339 1104 1410 cinis

377 1449 475 1520 Vires
494 1449 643 1520 resumit.
660 1453 721 1520 Est
738 1448 873 1544 quidem
891 1449 1036 1544 injustus
1053 1449 1149 1520 dolor·

375 1561 502 1628 Rerum
522 1558 723 1645 aestimator3
741 1560 767 1628 si
789 1573 900 1642 tamen
927 1574 1037 1630 tecum
1062 1561 1196 1656 exigas,

375 1669 518 1738 Veniam
543 1667 655 1755 dabis,
674 1668 766 1763 quod
783 1667 869 1738 bella
888 1684 963 1764 post
979 1670 1106 1741 hiemes
1122 1671 1255 1762 decern,

374 1777 596 1872 Totidemque
613 1801 733 1847 messes
747 1778 817 1873 jam
840 1803 941 1849 senex
957 1778 1051 1850 miles
1070 1783 1182 1872 timet,

378 1886 537 1983 Aliasque
558 1885 668 1957 clades
686 1913 817 1976 rursus,
836 1913 1067 1985 nonunquam
1086 1891 1170 1962 bene

377 1998 514 2092 Trojam
531 1997 708 2092 jacentem.
731 2003 926 2095 Magnetes
948 2003 1087 2072 Danaos
1106 2018 1232 2090 movet,

375 2112 525 2203 Futurus
546 2114 700 2180 Hector:
722 2109 825 2180 libero
846 2112 968 2182 Graios
989 2128 1093 2182 metu.

378 2223 459 2290 Haec
482 2245 547 2290 una
567 2246 668 2291 naves
692 2247 791 2292 causa
814 2220 973 2292 deductas
996 2237 1111 2311 tenet;

377 2333 442 2401 Hic
463 2328 575 2400 classis
596 2331 709 2402 haeret.
732 2334 826 2402 Neve
844 2331 1010 2402 crudelem
1038 2347 1153 2428 putes,

375 2440 478 2531 Quod
497 2455 586 2510 sorte
604 2441 717 2533 jussus
738 2443 891 2512 Hectoris
913 2459 1029 2512 natum
1051 2459 1188 2538 petam:

376 2551 538 2622 Petissem
558 2554 732 2622 Orestem:
749 2567 885 2648 patere,
906 2554 998 2649 quod
1014 2556 1120 2624 victor
1141 2553 1229 2625 tulit.

373 2759 441 2829 539.
465 2759 574 2814 Findetu
598 2771 682 2815 cutem.
710 2760 846 2817 Cornibus
891 2763 1001 2835 percite
1011 2763 1169 2836 Astyanacte
1177 2764 1204 2817 in
1215 2764 1279 2818 novi
1290 2766 1405 2822 beliise-

330 2841 461 2913 rumpens
472 2854 589 2894 teneram
600 2841 726 2896 frontem.
890 2843 972 2898 mine.
984 2838 1115 2916 Exempto
1129 2845 1188 2914 peri
1201 2843 1345 2900 Mucianus
1357 2848 1405 2902 Vi·

375 2923 440 2986 ⁵40.
453 2919 549 2975 Subito.
562 2921 629 2975 Fere
639 2941 673 2975 ex
687 2922 843 2994 improviso.
891 2923 957 2978 teilii
970 2924 1056 2977 filium
1074 2923 1188 2977 interfici
1197 2925 1289 2997 jussit,
1299 2945 1406 2982 menw-

374 3003 441 3068 ⁵4¹·
455 3001 560 3073 Gugern
571 3014 708 3072 paterniter,
718 3003 762 3056 cui
773 3003 846 3056 Teu·
890 3021 947 3056 rum
965 3003 1124 3060 dieoerditm
1139 3003 1305 3072 obtendens,
1318 3007 1347 3059 ni
1361 3027 1403 3061 te·
1448 3045 1450 3050 .

329 3099 377 3135 rus
389 3095 465 3154 pater
475 3082 541 3135 olim
552 3079 607 3134 dux
619 3093 684 3138 eret.
890 3084 964 3138 mine
978 3083 1041 3138 beili
1058 3083 1238 3151 restinxisset,
1260 3098 1291 3138 ut
1310 3101 1404 3142 euctor

370 3158 440 3225 tta.
451 3159 532 3222 Stetit,
543 3161 598 3214 soie
607 3162 696 3215 arbori
706 3175 843 3233 superstes.
890 3175 928 3217 eet
940 3164 1064 3228 Tacitus,
1077 3163 1146 3218 nist.
1159 3164 1209 3228 IV,
1224 3166 1269 3218 80.

373 3241 439 3304 543.
462 3239 549 3294 Matri.
570 3239 686 3306 Arbori,
707 3260 722 3296 e
735 3260 787 3313 qun
799 3241 845 3294 hic
932 3244 1116 3299 552.Futurut
1126 3243 1226 3296 Hector.
1237 3242 1321 3298 Filius
1331 3257 1403 3314 tune,

330 3319 464 3384 surculus,
480 3338 525 3374 seu
545 3319 636 3391 plante
661 3322 712 3375 tuit
735 3320 845 3388 evulsa,
890 3322 995 3377 tuturus
1010 3323 1080 3377 elius
1096 3321 1203 3378 Hector.

334 3411 380 3451 cut
395 3399 489 3452 excite.
931 3403 998 3458 553.
1012 3403 1152 3464 Deductus,
1176 3422 1191 3457 e
1209 3403 1309 3470 litore;
1328 3418 1355 3459 et
1367 3405 1401 3458 ed

372 3478 844 3545 545.Male,iucnute,inconsiderate.
889 3483 1068 3554 navigandum
1078 3496 1191 3555 peretot.

374 3557 441 3629 547.
454 3559 560 3628 exigas.
575 3557 674 3613 Omnia
689 3575 803 3633 reputes.
932 3563 998 3629 554.
1008 3564 1066 3618 Hie.
1076 3563 1163 3636 Super
1173 3564 1223 3618 hec
1235 3583 1278 3630 re,
1290 3563 1321 3617 in
1332 3565 1403 3620 hene

375 3637 439 3701 stt.
456 3639 558 3690 Veniam
574 3637 643 3691 dubis
654 3677 662 3704 ,
673 3643 844 3711 poscentibus
889 3661 962 3709 rem,
977 3643 1012 3698 nd
1025 3642 1093 3698 illud
1108 3641 1301 3716 impedimenti.

330 3717 380 3771 tibi
404 3717 474 3770 trudi
499 3718 668 3790 Astyanacta.
694 3753 733 3764 -
755 3721 843 3791 Quod,
932 3723 1078 3778 555.Sorte
1083 3725 1173 3795 jussus.
1186 3723 1237 3778 Per
1249 3735 1347 3777 sortem
1357 3723 1404 3778 de·

321 3810 470 3877 Jtroptereu
494 3797 577 3869 quod.
597 3830 637 3840 —
656 3799 742 3865 Buta,
757 3821 844 3869 nova,
889 3802 991 3875 legatus
1002 3803 1065 3856 huic
1075 3803 1267 3857 ministerio-
1278 3804 1403 3870 Hectoris,

330 3878 379 3932 alio
389 3917 397 3944 ,
409 3875 444 3930 de
455 3880 561 3949 integro
571 3878 734 3932 sustinenda.
888 3881 971 3935 hostis
985 3883 1158 3947 Grteeorum,
1175 3895 1202 3936 et
1221 3884 1313 3955 putria
1327 3903 1402 3939 mete.

373 3958 439 4012 550.
451 3959 599 4030 Nunquam,
610 3977 675 4012 noo.
686 3961 725 4014 Ut
737 3959 843 4026 millio,
931 3962 996 4016 556.
1019 3961 1133 4015 petissem
1151 3963 1268 4016 Orestem.
1282 3965 1403 4035 Impere-

328 4057 362 4092 eo
373 4055 466 4104 sensu,
480 4039 596 4093 occurrit
612 4035 682 4112 opud
700 4052 844 4110 poetan-
888 4041 953 4094 torir
972 4041 1029 4096 scil.
1043 4041 1126 4096 nostri
1148 4044 1354 4112 Agentemnonis
1369 4046 1401 4097 fi·

330 4119 397 4173 Bene
409 4120 538 4190 sementem.
560 4117 691 4174 Funditus
704 4133 730 4172 ct
745 4119 842 4174 rudici·
887 4122 970 4187 lium,
988 4141 1070 4193 porro
1086 4120 1259 4175 addendum:
1287 4147 1299 4170 ι
1311 4123 1339 4176 si
1354 4143 1401 4195 pe-

330 4212 372 4253 tus
385 4219 512 4256 evertam.
534 4201 567 4256 Et
585 4198 765 4273 supplendum
780 4219 787 4254 ι
800 4220 843 4254 eu·
889 4203 960 4256 tisset
969 4203 1118 4256 communit
1128 4201 1283 4258 Graecorum
1297 4203 1375 4258 telus
1384 4229 1395 4250 ·
