3042 5190
301 485 647 556 HIPPOLYTUS.
672 486 779 554 ACT.
806 486 881 553 III.
1079 509 1121 579 77

131 609 183 678 Sed
198 607 272 702 quid
290 611 391 678 citato
409 607 547 677 nuntius
567 619 678 701 portat
698 605 821 700 gradu,

34 739 35 806 f
132 720 275 814 Rigatque
291 721 422 789 moestis‘
432 717 610 812 lugubrem
630 714 759 785 vultum
780 715 895 811 genis?
1087 753 1126 794 990

97 906 196 976 inpium,
220 906 332 959 bonitati
350 886 447 958 divine
474 917 501 958 et
524 905 575 960 hu·
619 904 825 976 resquelumunas
837 921 893 955 non
907 901 994 956 minus
1002 909 1127 974 quernei-

97 1003 159 1037 maue
175 983 288 1056 dignitati
304 985 387 1057 magis
407 985 571 1038 contrarium
619 984 677 1035 dere
704 980 858 1054 providenti
885 982 1126 1057 benignissimoque

96 1063 213 1135 diriputest
221 1084 299 1138 quam
310 1062 384 1136 quod
394 1063 517 1135 congerit
526 1064 571 1118 hie
616 1062 726 1117 numine
737 1059 907 1132 dirigentem.

34 1135 35 1182 i
97 1144 209 1208 illiricus,
220 1145 418 1216 Epicureusque
430 1155 517 1214 poeta.
525 1143 571 1196 Vi·
657 1144 724 1211 989.
745 1141 821 1211 (ΜΛ.
842 1142 928 1206 Quum
948 1159 1014 1195 rem.
1036 1142 1124 1198 Etse·

34 1397 36 1490 l

34 1499 36 1610 l

97 1219 170 1276 vidiuri
177 1222 269 1276 doloris
277 1242 354 1276 sensu
360 1222 509 1295 pereetlunt
515 1223 571 1276 ani·
616 1222 709 1292 quenti
726 1239 817 1278 versu,
833 1220 895 1292 quii
911 1220 1124 1278 subaudiendum

97 1321 149 1354 uun
158 1303 226 1373 hujus
238 1303 342 1374 generis
357 1301 508 1370 sententie,
525 1321 572 1356 sae·
616 1314 669 1366 est,
682 1311 709 1352 at
723 1299 776 1354 ulio
791 1317 884 1363 seusu,
898 1299 980 1354 scilic.
999 1321 1050 1354 cur.
1062 1303 1124 1369 Quo

96 1381 207 1451 piusspnd
217 1383 327 1436 Veteres
340 1400 451 1454 sparsas,
463 1382 572 1452 quibus·
614 1377 762 1451 arguenda,
777 1379 806 1432 ni
824 1379 956 1446 fallimur,
973 1393 1058 1452 poetu
1076 1400 1124 1436 ne·

94 1478 133 1530 que
141 1459 205 1516 fidem
214 1459 357 1516 adhibebat
367 1479 439 1514 mera
450 1479 569 1532 puraque
614 1459 746 1531 gligentia.

95 1552 183 1594 venture
193 1542 250 1595 ritu
263 1541 375 1594 inscitia.
390 1540 514 1594 Manebat
527 1559 569 1594 re-
654 1557 717 1608 99⁰·
728 1541 861 1610 nigerque,
876 1550 926 1592 etu.
938 1537 1013 1593 Ordo
1028 1551 1082 1594 est:
1094 1553 1122 1594 et

34 1629 35 1668 t
96 1619 195 1672 sudores
215 1632 300 1675 etates
326 1620 371 1673 ille
391 1619 516 1685 felicitas,
540 1632 569 1673 ut
612 1618 680 1689 rigat
693 1619 796 1672 vultum
814 1617 954 1689 lugubrem
971 1619 1123 1690 geuismoe·

34 1733 35 1740 κ
96 1697 211 1754 christine
227 1699 361 1770 religionis
374 1695 435 1752 lace‘
453 1699 568 1753 illustra·
613 1699 674 1765 stis;
691 1710 718 1752 et
730 1696 847 1768 intellige
860 1715 938 1750 sensu
950 1697 1122 1767 abaolufinri,

34 1799 35 1846 χ
97 1779 325 1842 tnn,abuminanda
345 1791 480 1850 respueret
503 1777 569 1850 dog·
616 1803 628 1826 ι
647 1789 673 1831 et
701 1775 840 1849 perfundit
864 1777 988 1849 lucrymis
1016 1778 1122 1832 vultum

97 1869 144 1908 nata
154 1857 288 1911 humanum
299 1877 397 1929 genus3
414 1871 440 1912 et
454 1857 569 1928 ubique,
612 1874 704 1922 suum,
714 1874 796 1928 quem
808 1856 948 1927 lugubrem
963 1856 1064 1911 iaciunt
1076 1876 1121 1929 ge-

97 1935 172 1988 nslsub
181 1939 322 1992 ubtissima
331 1939 462 1990 mulorum
476 1935 570 1990 adver·
612 1955 654 1989 nu
660 1949 766 2006 inustas.
775 1961 787 1983 ι
797 1932 884 1988 Locus
891 1935 969 1989 nimie
975 1949 1120 2002 contortus,

98 2013 221 2088 utrunque
240 2018 342 2090 specie,
356 2017 466 2071 sentiret
481 2014 570 2070 adesse
613 2017 643 2069 ni
657 2015 781 2068 fallimur.
793 2011 944 2068 -Volunt
955 2013 1063 2086 quidam
1075 2016 1120 2069 hie

98 2092 157 2147 &ern
166 2099 250 2152 uerita
262 2097 359 2168 cuique
373 2094 571 2170 rependentem,
614 2099 693 2165 genis,
708 2094 809 2160 oculos,
820 2093 959 2166 palpebras
968 2093 1089 2163 intelligi.
