3042 5156
374 452 445 525 206
663 452 702 519 L.
729 447 904 519 ANNAEI
929 447 1147 520 SENECAE

419 577 549 649 Ardent
570 575 717 644 minaces
736 571 814 668 igne
834 569 1024 642 truculento
1042 595 1154 666 gente,

420 689 589 782 Oculique
608 685 664 754 vix
681 709 716 754 se
738 683 872 752 sedibus
890 683 1034 752 retinent
1055 681 1135 751 suis.

416 799 614 884 Violentus,
636 794 746 864 audax
762 791 894 881 vultus,
912 793 1037 877 iratus,
1055 791 1164 881 ferox,
1393 817 1423 868 se

419 915 566 982 Tantum
588 905 745 976 eruentis.
766 904 924 990 Gemuit,
945 917 980 972 et
1000 903 1111 972 dirum
1128 903 1274 972 fremens

419 1023 542 1090 Manus
560 1020 594 1086 in
616 1041 675 1085 ora
696 1017 803 1086 torsit.
824 1017 869 1084 At
887 1028 1004 1084 contre
1023 1028 1134 1084 truces

420 1128 521 1201 Oculi
544 1139 723 1212 steterunt,
744 1141 779 1195 et
794 1149 889 1194 suam
910 1125 1028 1194 intenti
1052 1149 1189 1194 menum

416 1241 516 1315 Ultro
536 1241 780 1334 insequuntur;
799 1233 929 1306 vulneri
945 1251 1128 1305 occurrunt
1143 1261 1216 1305 suo.

419 1355 595 1423 Scrutatur
612 1348 731 1419 avidus
751 1347 906 1418 menibus
928 1347 1024 1416 uncis
1042 1344 1188 1434 lumina,
1392 1373 1422 1422 ⁹⁶⁵

419 1463 544 1534 Redice
565 1463 607 1531 ab
630 1462 697 1530 ime
715 1459 866 1530 funditus
883 1456 996 1528 vulsos
1014 1455 1113 1526 simul
1497 1443 1498 1482 l

422 1571 556 1646 Evolvit
573 1571 680 1641 orbes.
702 1573 815 1638 liceret
837 1570 872 1638 in
897 1591 1004 1638 vacuo
1022 1591 1161 1654 manus,

417 1687 462 1754 Et
484 1682 550 1751 fixa
566 1682 701 1775 penitus
718 1680 889 1774 unguibus
912 1677 1035 1748 laceret
1050 1701 1148 1748 cavos

418 1793 494 1866 Alte
511 1817 658 1862 recessus
680 1789 868 1876 luminum,
889 1803 922 1858 et
939 1789 1056 1858 inanes
1076 1789 1189 1876 sinus,

419 1903 585 1998 Stetitque
602 1901 741 1990 frustra,
759 1898 922 1999 plusque,
938 1923 1040 1992 quum
1058 1912 1109 1968 sat
1124 1913 1192 1988 est,
1210 1896 1312 1985 furit;
1392 1926 1425 1966 sn

369 2104 529 2159 immoretur
545 2101 644 2156 Seuece
664 2100 692 2152 in
709 2097 884 2154 describendo
928 2099 1002 2170 quasi
1029 2113 1118 2172 egeret
1144 2112 1271 2166 tentum,
1302 2119 1356 2154 non
1379 2101 1426 2172 ipse

369 2185 422 2238 hoc
433 2180 579 2255 supplicio,
592 2180 659 2235 ideo
672 2181 728 2234 seni
740 2179 885 2234 lectoribus
928 2180 1007 2234 etiem
1023 2192 1168 2250 peteretur.
1183 2181 1276 2234 Simile
1286 2181 1427 2234 acumenin

368 2263 465 2337 judicii
475 2273 561 2334 petet,
572 2273 601 2314 ut
609 2261 654 2314 vix
663 2259 773 2314 credent
782 2261 882 2314 lionis·
928 2257 1085 2314 nemost.
1102 2279 1139 2314 vs.
1156 2267 1245 2332 1744:
1262 2281 1383 2315 n...urere
1392 2280 1428 2314 sr-

370 2363 419 2396 nos
440 2343 492 2396 tels
516 2339 726 2412 descriptionum
748 2358 831 2412 genus
850 2341 883 2392 li·
927 2337 1033 2393 dentem
1045 2341 1425 2412 putes.·Gnos.0bs.Il,19.

369 2425 465 2476 benter
484 2433 641 2490 excepturos
659 2419 748 2473 luisse.
761 2420 815 2472 Vix
830 2434 883 2473 tres
967 2423 1035 2488 962.
1057 2421 1088 2473 Is
1108 2441 1151 2473 oro
1180 2423 1257 2474 torsit.
1279 2420 1322 2474 sd
1347 2423 1429 2475 oculos

368 2515 415 2557 sut
428 2513 542 2572 quotuor
554 2516 646 2552 versus
653 2499 716 2552 huic
727 2499 766 2552 rei
779 2499 883 2554 addixit
925 2498 1056 2554 violenter
1068 2519 1162 2554 munus
1177 2501 1278 2554 intulit.

369 2595 473 2636 neurus
485 2580 612 2643 Voltaire,
632 2591 682 2632 eet.
695 2579 732 2644 V,
755 2598 825 2632 scen.
837 2600 881 2648 vr,
967 2579 1034 2650 963.
1049 2581 1251 2634 Oculistetemt.
1261 2579 1360 2634 Oculos
1369 2591 1430 2632 stes·

368 2661 412 2716 cui
430 2674 555 2714 ceterum
575 2659 641 2712 recti
655 2656 751 2731 judicii
767 2660 882 2726 arbitro,
927 2672 977 2724 tes,
988 2659 1119 2732 intellige,
1136 2675 1235 2727 rectos,
1247 2673 1341 2722 contre
1353 2661 1430 2714 intes·

367 2739 476 2814 qttendo
484 2740 569 2794 ullum
580 2740 676 2812 posteri
690 2738 826 2793 invenient
836 2759 883 2812 ps·
926 2752 991 2794 tetes
1008 2758 1102 2794 manus
1120 2759 1175 2794 non
1192 2731 1372 2795 conniventes.
1385 2740 1430 2791 Lu·

369 2821 445 2875 rem?
458 2849 470 2870 ι
483 2821 507 2874 ΙΙ
522 2819 581 2874 s’est
593 2819 668 2890 pevt
683 2818 720 2872 du
730 2821 792 2891 jour
805 2833 882 2875 ssent
925 2839 982 2874 cen.
993 2822 1028 2884 V,
1048 2827 1105 2884 stt
1120 2838 1128 2873 t
1148 2847 1159 2870 ι
1173 2821 1231 2875 Stet
1251 2839 1387 2893 nnnqnsrn
1401 2820 1432 2872 n

367 2919 420 2974 que
436 2899 576 2973 d’espirer.
593 2901 626 2955 Je
642 2901 685 2954 l'si
703 2918 738 2952 ru
754 2897 820 2954 dius
842 2920 881 2954 ses
925 2901 987 2954 cies
998 2900 1159 2965 u-Inrenti,
1176 2915 1272 2973 sponte
1283 2920 1329 2956 sus
1339 2919 1431 2972 septo·

365 3000 435 3054 yenx
452 2982 580 3036 enlonoer
595 2991 663 3033 cette
676 2981 756 3051 epte,
776 2981 831 3046 Qui
844 2979 881 3034 du
926 2979 1072 3034 tendentes.
1084 2981 1126 3036 Cf.
1135 2982 1230 3036 Phoen.
1240 2999 1278 3036 rs.
1293 2981 1358 3052 175.

366 3081 431 3132 sung
442 3060 476 3114 de
487 3081 535 3114 son
546 3067 609 3132 pere
621 3051 690 3113 ev'eit
702 3063 743 3114 ete
753 3064 880 3133 trempds.
967 3061 1033 3130 965.
1051 3060 1165 3116 Manibus
1176 3064 1259 3126 uncis,
1272 3059 1376 3132 digitis,
1386 3077 1433 3112 un·

366 3143 416 3194 lle
427 3141 523 3211 rempli
535 3159 583 3192 son
596 3152 669 3203 sort,
683 3152 732 3193 etc.
745 3166 756 3187 ι
924 3141 1027 3211 fluibus.
1044 3141 1135 3194 Utitur
1150 3155 1238 3195 eutem
1251 3141 1287 3195 ud
1300 3140 1329 3195 id
1339 3139 1435 3212 suppli·

408 3221 475 3292 969.
488 3221 541 3272 Vc
555 3239 579 3271 re
597 3223 711 3284 recimer,
727 3219 800 3290 qussi
815 3237 881 3274 con·
924 3219 959 3273 eii
974 3220 1116 3292 Olldipus,
1128 3220 1202 3293 apud
1213 3221 1393 3292 Sophoclem,
1405 3219 1435 3270 li·

365 3301 413 3354 scii
425 3314 452 3354 et
461 3303 490 3352 in
504 3317 594 3371 mnes
605 3299 699 3369 peruri.
924 3300 1002 3366 bule,
1015 3321 1052 3354 vs.
1073 3305 1164 3372 1²783
1179 3299 1252 3372 epurl
1266 3301 1433 3358 volturium.

408 3383 473 3448 961.
491 3381 595 3432 Tantum
604 3383 715 3431 eruentis.
728 3378 844 3450 Supple,
855 3392 881 3433 et
924 3399 1005 3452 quem
1018 3381 1099 3451 psnlo
1115 3399 1196 3453 suprs
1211 3381 1355 3435 sitivimus
1367 3399 1436 3435 vers.

365 3460 455 3512 vultus
464 3459 535 3512 illius
546 3471 585 3512 est
599 3471 701 3512 tentum
711 3455 822 3522 (vultus)
834 3461 880 3513 ho·
924 3462 991 3530 ⁹⁵7·
1005 3479 1067 3516 ense
1078 3480 1135 3516 suo.

364 3539 444 3593 minis
458 3539 589 3605 eruentis,
611 3539 630 3592 i.
646 3555 669 3592 e.
685 3539 802 3592 hominis
821 3559 877 3592 non
965 3545 1032 3610 966.
1042 3539 1365 3613 Simul,ntrumque,uno
1374 3540 1439 3594 ictu.

363 3619 443 3672 etism
464 3637 569 3672 sensum
583 3619 701 3672 hubituri
717 3617 879 3674 crudelitatis
965 3624 1032 3690 967.
1047 3621 1142 3686 Orbus,
1155 3622 1257 3675 oculos.
1268 3621 1390 3682 Klintene.
1402 3620 1440 3670 Its

363 3713 413 3752 sut
433 3697 542 3752 doloris.
568 3725 579 3748 ι
596 3698 722 3770 OEdipus
741 3699 878 3770 duplicem
923 3699 1088 3770 Sophocles:
1106 3693 1172 3773 dpee
1186 3703 1287 3756 lesisse
1300 3701 1440 3772 dptpsein

364 3779 511 3833 sustinebat
536 3797 690 3849 personam,
704 3780 838 3850 punientis
852 3793 879 3833 et
923 3783 1359 3852 slsodedetns.-lnvscrto‚jem
1369 3781 1445 3834 evul-

363 3859 530 3932 supplicium
543 3859 683 3930 petientis3
698 3861 754 3931 ipse
766 3871 823 3912 eret
833 3897 841 3924 ,
850 3873 876 3914 et
922 3861 958 3914 sis
970 3861 1071 3915 scilicet
1087 3863 1175 3915 eloco
1188 3880 1237 3915 etto
1250 3861 1346 3914 oeulis.

363 3941 412 4010 qui
433 3939 564 4002 eruelset,
587 3952 613 3993 et
642 3939 685 3992 cui
714 3939 877 3992 eruebantur
962 3944 1030 4010 968.
1048 3941 1133 4008 Fies,
1158 3941 1286 3996 tenaciter
1315 3939 1446 3995 adhere-

363 4019 450 4079 oenli,
463 4019 522 4091 ipse
534 4018 587 4072 sibi
598 4017 695 4074 noxius
704 4031 729 4073 et
741 4019 830 4072 lictor.
841 4021 876 4072 At
920 4039 1007 4075 scens

362 4100 452 4156 vultsn
470 4112 527 4156 esst
539 4100 626 4172 peresi
641 4097 676 4154 ed
696 4098 874 4170 supplicium,
960 4108 1026 4170 969.
1037 4101 1116 4166 Aes,
1126 4101 1207 4174 junge
1220 4119 1280 4156 cnm
1292 4101 1447 4156 laceret.-
