3008 5158
414 530 646 598 OEDlPUS.
673 533 781 599 ACT.
810 533 836 598 Ι.
1088 529 1153 603 135

139 648 304 720 Infaustus
322 649 443 743 hospes
467 675 475 718 ε
498 649 640 745 profuge
654 650 853 744 jamdudum
870 653 964 722 ocius
1130 676 1155 713 ⁸·

139 759 198 828 Vel
218 758 259 827 ad
282 774 446 853 parentes.
466 783 536 830 roc.
554 759 646 849 Quid
665 761 776 854 juvat,
796 763 936 856 conjux,
957 760 1043 836 nrale

137 871 283 938 Gravare
300 869 450 963 questu?
471 871 599 966 regium
620 871 685 942 hoc
702 872 811 966 ipsum
831 897 924 957 reor,

140 979 284 1048 Adversa
304 1003 444 1074 capere3
464 1005 597 1075 proque
617 981 661 1050 sit
679 981 801 1052 dubius
818 984 924 1078 magis

140 1093 272 1176 Status,
290 1105 323 1159 et
345 1091 492 1160 cadentis
513 1092 642 1186 imperii
664 1091 767 1162 moles
787 1091 893 1178 labet,

139 1202 209 1268 Hoc
227 1213 315 1268 stare
333 1215 425 1270 certo
444 1202 587 1295 pressius
605 1201 724 1272 fortem
743 1203 862 1297 gradu.
953 1203 956 1208 ’

137 1307 234 1376 llaud
254 1323 304 1376 est
322 1308 436 1395 virile,
457 1324 550 1406 terga
569 1315 724 1384 Fortunae
743 1311 836 1382 dare.

137 1441 209 1486 mn.
234 1417 338 1487 Abest
355 1420 487 1512 pavoris
505 1421 632 1490 crimen
653 1445 692 1492 ac
712 1421 873 1516 probrum
895 1421 1031 1516 procul,

138 1527 316 1623 Virtusque
333 1543 447 1600 nostra
464 1529 568 1600 nescit
587 1530 724 1624 ignavos
742 1546 859 1601 metus.

139 1636 173 1706 si
191 1635 254 1708 tela
272 1651 390 1706 contra
408 1639 545 1722 stricta,
565 1641 592 1710 si
612 1641 662 1710 vis
679 1640 816 1711 horrida

136 1748 297 1816 Mavortis
321 1747 354 1816 in
377 1773 430 1818 me
447 1763 576 1837 rueret3
597 1749 755 1820 aduersus
773 1749 860 1820 leros

134 1856 249 1925 Audax
267 1857 419 1950 gigantes
436 1859 550 1928 obvias
569 1859 688 1930 ferrem
708 1883 836 1930 manus.

136 1969 204 2038 Nec
221 1966 372 2062 Sphinga
390 1969 484 2038 caecis
507 1969 607 2038 verba
627 1984 814 2039 nectentem
833 1968 940 2038 modis

131 2109 175 2161 δι.
189 2107 240 2159 Vel
256 2107 293 2159 ast
311 2120 432 2178 parente.
448 2107 492 2162 ad
514 2109 595 2180 Poly·
639 2103 1075 2180 bellumatroraurgeret,etiamsi
1089 2121 1150 2159 cum

98 2186 164 2239 bium
184 2205 348 2258 uxoremque
365 2189 420 2258 ejus
433 2189 594 2260 ¹lleropena,
639 2187 701 2242 t'eris
713 2187 866 2260 gigantibus
882 2199 948 2241 esset
963 2181 1149 2257 pugnandum,

99 2285 224 2337 quoscum
232 2285 289 2320 case
298 2279 420 2337 parentes
431 2269 597 2322 existimabat
639 2266 676 2321 eis
686 2285 867 2322 occurrrerem
879 2263 1037 2336 impavidus.
1049 2293 1088 2303 —
1100 2263 1149 2317 Gi·

98 2363 208 2418 qnoeque
215 2347 290 2400 ultro
302 2344 464 2413 deseruerat,
472 2366 506 2402 ne
517 2367 596 2401 eran·
636 2357 731 2418 pates.
744 2346 788 2400 Sic
799 2345 864 2400 dicti
875 2357 937 2398 eunt
947 2345 1069 2408 Titanes,
1084 2344 1146 2415 quia

99 2438 124 2476 ta
143 2426 291 2480 vaticinatio
311 2427 513 2497 approbaretur.
524 2426 594 2481 Vide
638 2439 732 2481 eterra
744 2427 796 2479 orti
806 2427 911 2480 luerem
924 2414 977 2496 (γῆ,
993 2436 1077 2490 terra,
1087 2423 1150 2494 γὶνι-

100 2516 149 2557 not.
162 2503 194 2557 ad
206 2525 243 2558 vs.
262 2525 306 2560 ra.
324 2506 485 2572 -Jocasta,
498 2508 596 2580 conjux
638 2512 704 2572 alut,
722 2502 814 2570 nasci).
834 2503 938 2559 Deinde
951 2501 985 2558 ad
1002 2501 1148 2578 quemlibet
1173 2567 1179 2586 Ι

102 2583 274 2656 lnii.0Edipi
287 2597 369 2638 mater
377 2598 404 2640 et
415 2584 506 2639 eadem
519 2605 595 2641 uxor.
637 2587 727 2640 vuum
738 2585 858 2658 corporis
871 2583 1032 2656 proceritate
1042 2581 1147 2654 conspi-

99 2662 171 2718 tadu
181 2665 289 2718 veniens
306 2665 335 2717 in
348 2667 516 2736 proscenium
532 2683 596 2737 quae
638 2684 719 2720 cunm
731 2684 828 2719 nomen
844 2661 912 2718 illud
931 2662 1086 2717 translatum
1101 2675 1148 2714 est.

98 2742 208 2796 ultimum
227 2743 350 2816 querelas
372 2745 484 2816 protulit
509 2743 596 2798 Olldi-
678 2763 726 2814 9²·
743 2745 860 2816 Sphinga.
878 2744 971 2808 Quum
991 2739 1148 2814 OEdipura

99 2824 198 2890 praet.
210 2836 270 2878 not.
282 2821 316 2876 ad
331 2842 367 2878 ve.
379 2827 423 2879 18.
637 2824 768 2880 Corintho
786 2825 814 2876 iu
829 2823 956 2876 Boeotiem
970 2822 1093 2893 fugisset,
1105 2820 1147 2873 in·
1248 2866 1252 2877 .

132 2901 173 2956 83.
194 2903 306 2956 Adversa
329 2923 421 2974 supera.
443 2903 594 2969 sustinere,
638 2904 712 2957 venit
740 2904 877 2975 regionem
910 2899 1040 2972 trepidam
1063 2912 1147 2953 metu.

99 2979 170 3035 lerre:
181 2983 283 3049 Noster,
293 2981 371 3038 llere.
380 2983 431 3036 fur.
439 3003 476 3036 vr.
489 2989 542 3047 dtr
555 3003 594 3056 sq.
637 2981 743 3038 Scilicet
752 2994 899 3036 monstrum
913 2978 1030 3044 crudele,
1043 2979 1146 3050 Sphinx

100 3081 110 3101 ⁸
122 3099 143 3113 -.
155 3061 203 3116 boe
213 3063 302 3134 ipsum
313 3062 411 3133 placet,
425 3062 526 3116 Animo
540 3063 597 3117 rui·
637 3061 762 3126 nomine,
776 3080 834 3133 quae
844 3059 974 3114 Echidnae
992 3071 1018 3110 et
1037 3059 1149 3130 Typho-

99 3156 139 3192 ωε
155 3140 319 3212 quod'capie
343 3161 440 3216 magno
465 3155 538 3208 tuas;
561 3145 596 3196 Es
638 3141 680 3196 uit
697 3141 751 3194 filia
764 3140 918 3203 dicebatur,
932 3138 1004 3192 canit
1018 3156 1147 3210 corpore,

100 3235 152 3289 tege
162 3222 259 3292 conjux
270 3219 358 3291 digua.
373 3247 384 3268 ι
637 3221 714 3275 vultu
738 3221 842 3291 puella,
862 3217 975 3290 pedibus
998 3217 1058 3282 leo,
1079 3235 1147 3292 prae-

135 3300 175 3362 84.
192 3299 286 3354 suns.
304 3300 366 3366 Quo
382 3299 488 3372 gravior
502 3301 595 3366 instat,
638 3313 708 3354 terea
726 3301 841 3354 bumana
859 3318 927 3352 voce
947 3311 974 3350 et
996 3298 1147 3350 volucribus

100 3376 136 3428 rel
147 3379 273 3432 incumbit
285 3380 343 3450 regi
358 3381 475 3434 inmune.
638 3381 702 3445 alie,
714 3398 809 3451 rupem
820 3377 962 3452 quamdam
973 3376 1086 3430 vicinam
1099 3377 1147 3430 vie

136 3459 177 3514 ts.
188 3459 243 3512 Hoc
261 3470 327 3512 sture
343 3472 421 3524 certo,
439 3471 491 3513 etc.
511 3460 596 3513 tteu-
638 3458 794 3524 obsidebat,
809 3471 835 3512 et
846 3457 1067 3529 pretereuntibus
1085 3456 1148 3508 teni-

100 3534 174 3603 pbure
193 3551 299 3612 sumpte
320 3558 335 3593 a
356 3539 440 3594 milite
452 3539 495 3592 cui
508 3538 595 3611 inglo-
639 3540 783 3612 gmaticum
801 3537 935 3610 quoddam
956 3553 1062 3590 carmen
1085 3553 1147 3608 pro-

98 3613 161 3668 rium
171 3631 208 3671 ert
217 3615 312 3672 cedere
319 3605 378 3672 lodo
386 3637 466 3691 quem
478 3619 594 3690 primum
638 3620 764 3690 ponebat,
777 3615 852 3691 quod
866 3617 914 3688 qui
927 3635 982 3668 non
996 3615 1147 3680 solvebant,

100 3691 126 3744 ln
135 3695 185 3748 acie
196 3697 345 3768 occupavit.
639 3716 654 3751 a
665 3699 782 3769 Sphinge
794 3697 994 3750 occidebantur.
1003 3695 1094 3760 Quum
1104 3713 1147 3747 ve-

139 3775 180 3843 ⁰7·
196 3777 330 3830 Crimenae
341 3777 465 3848 probrum.
481 3777 544 3831 Nou
555 3788 593 3829 est
638 3796 670 3830 ro
686 3775 809 3847 OEdipue
821 3797 922 3838 eneam,
937 3773 1147 3828 inextricabilem

100 3851 166 3920 quod
177 3855 203 3906 in
221 3875 262 3909 me
276 3875 401 3928 perorem
417 3855 596 3929 reprehendas
639 3856 739 3910 ceteris
759 3858 900 3910 verborum
915 3858 1050 3926 ambagem
1065 3853 1148 3923 expli·

99 3933 280 3999 aceriminerie,
288 3939 364 4008 cujus
373 3937 519 4008 opprobrio
529 3955 596 3992 senr-
640 3936 750 4000 coisset,
771 3935 837 3990 adeo
861 3955 928 4007 aegre
951 3932 979 3986 id
999 3944 1146 3985 monstrum

101 4027 145 4079 ptr
155 4029 207 4066 mea
220 4017 304 4070 carnit
317 4017 379 4068 rita.
641 4016 732 4070 tulisse
745 4017 837 4082 fertur,
849 4029 879 4069 ut
900 4034 926 4068 se
945 4012 980 4067 de
995 4031 1058 4067 saxo
1079 4028 1147 4082 prae-

140 4091 181 4160 89.
194 4093 291 4150 Contra.
305 4094 423 4149 subaudi
436 4115 481 4146 me.
641 4097 858 4167 cepeimmiserit,
866 4108 891 4147 et
898 4092 996 4147 eliserit
1004 4091 1036 4144 ad
1044 4103 1150 4170 terram,

141 4173 516 4240 abominamentorum
530 4171 597 4228 milri
641 4176 694 4238 vel,
703 4190 732 4230 ut
739 4176 785 4229 alii
791 4175 927 4240 vulunt,in
933 4169 1149 4224 undasmerserit.

991 4271 1031 4366 94
