3008 5158
386 527 450 572 122
698 505 754 575 IN
780 505 1137 576 HIPPOLYTUM

423 632 508 702 1195.
532 633 636 687 Croniae
651 636 748 688 ineerta.
761 635 886 707 Vulgata
904 636 976 690 lectt.
988 639 1057 690 arim.
1071 639 1182 699 ineerta:
1197 637 1361 708 pretulimna
1376 639 1434 694 hene

379 731 459 784 quam
472 713 585 785 eumpeit
603 732 618 766 a
641 713 760 768 Floreat.
776 715 854 770 Both.
945 719 947 726 ‘

423 810 507 875 1196.
524 807 648 870 Pedicas,
663 811 758 872 iasone,
773 810 850 879 recipe
856 811 880 878 j.
895 822 944 862 ete.
964 810 1048 862 Aliter
1066 808 1305 882 nliidietinpuunt,
1323 823 1358 874 et,
1371 812 1435 882 pudi-

379 905 434 950 eus,
453 889 546 950 imm,
561 889 678 959 jungunt
691 905 752 940 aunt
769 889 987 960 precedentihue.
1007 889 1103 943 Melina
1116 891 1201 943 virum
1220 903 1259 943 eet
1272 893 1436 961 alloquentem

381 967 420 1019 uti
437 966 575 1035 epithetis,
591 985 640 1037 per
658 985 716 1038 quae
730 967 908 1040 Hippolytum
929 968 1057 1041 deeignet.
1072 971 1215 1028 Ceterum,
1231 983 1304 1024 totue
1320 971 1362 1024 hie
1372 972 1437 1024 laena

378 1063 474 1116 parnnt
491 1047 569 1100 nobie
584 1047 686 1118 plaeet;
707 1060 734 1100 et
748 1048 821 1101 ultro
837 1047 1014 1102 arrideremue
1030 1050 1143 1116 Bothio,
1164 1049 1228 1104 dum
1250 1050 1315 1104 dicit
1334 1053 1436 1122 potnieee

379 1125 479 1196 alioqui
505 1126 557 1198 legi
578 1145 584 1178 ε
611 1152 622 1174 ι
636 1127 729 1182 Caetue
749 1127 861 1182 erimine
883 1129 989 1182 inoeete
1007 1131 1091 1200 janot,
1116 1129 1197 1183 eontie
1222 1131 1366 1202 pudicae.»
1392 1129 1437 1184 Sed

378 1218 449 1259 vetat
468 1205 599 1259 librorum
612 1225 755 1260 conseneue
776 1208 919 1263 unanimis.
1120 1211 1122 1216 ’

422 1314 506 1371 1197.
530 1299 652 1352 lllaainne.
672 1297 788 1364 Quidam
804 1298 886 1354 dandi
903 1319 964 1353 caen
985 1299 1127 1371 accipiunt.
1148 1299 1220 1354 Vide
1238 1301 1301 1356 Not.
1322 1334 1360 1344 -
1376 1301 1437 1354 dioto

376 1387 452 1445 patet.
474 1378 513 1431 Ita
532 1391 628 1432 noemae
649 1379 826 1444 membrana,
848 1381 884 1434 ait
908 1381 1056 1446 Gruterus,
1078 1393 1105 1435 et
1124 1380 1312 1454 praeponderat
1329 1381 1367 1434 illi
1378 1384 1437 1450 justa

375 1468 445 1524 pete,
460 1457 533 1528 qnod
552 1458 743 1512 substituerunt
764 1459 827 1524 elii,
847 1473 873 1513 et
888 1460 964 1532 quod
984 1473 1090 1514 veretur
1108 1461 1230 1532 Lipsiae,
1243 1474 1273 1515 nt
1291 1463 1385 1534 justine
1402 1461 1436 1512 sit.

378 1536 515 1608 Denique,
531 1537 687 1591 Gronovius
707 1541 874 1610 conjecerat:
892 1566 903 1588 ι
914 1541 1046 1594 Macrone
1066 1554 1158 1612 peetus
1178 1541 1292 1613 impium
1311 1545 1382 1614 juxto
1399 1559 1439 1612 pt·

378 1628 451 1672 tene,
469 1635 566 1670 cruore
581 1628 672 1671 eancto
685 1619 769 1671 eolvat
783 1619 831 1672 inl.
849 1639 900 1672 v..

420 1727 505 1763 taoo.
524 1711 597 1763 Dirce
618 1731 649 1762 ee
666 1731 774 1764 noverea.
793 1711 913 1765 Floreat.
934 1713 1056 1765 uDiecea
1075 1731 1208 1778 noveram
1223 1738 1235 1759 ·
1253 1709 1327 1784 qnod
1347 1711 1440 1780 recepit

378 1789 497 1843 Bothiue.
515 1823 554 1834 -
573 1791 681 1844 Condere
693 1793 783 1844 Aclter.
800 1793 838 1860 pl.
856 1791 977 1845 Heinsius
996 1792 1093 1844 'l'heaei
1111 1810 1165 1844 esea
1188 1805 1293 1858 censet,
1310 1789 1439 1846 Phaedram

378 1869 535 1923 morientem
549 1869 614 1924 dirie
627 1871 789 1944 persequuti.
803 1869 855 1924 Sed
873 1890 967 1925 vereor
981 1885 1010 1924 ut
1031 1873 1095 1926 talee
1114 1870 1179 1924 dira
1193 1873 1320 1926 Senecam
1331 1872 1440 1926 deerant.

378 1947 484 2001 Benna.

420 2059 504 2096 taor.
523 2041 620 2094 Pallidi
624 2043 650 2110 s.
672 2043 803 2114 Proponit
820 2044 900 2098 Both.
917 2044 1047 2114 squallidi,
1063 2062 1113 2096 nec
1132 2043 1228 2114 recipit
1247 2057 1335 2097 tamen
1350 2043 1377 2096 in
1393 2057 1442 2096 tex·

379 2134 444 2172 tum.
459 2120 593 2194 Equidem
612 2121 802 2176 confitebimur
819 2123 915 2195 rapine
931 2123 1000 2176 hane
1012 2143 1104 2176 vocem
1121 2123 1259 2194 ueurpn'ri,
1276 2123 1323 2178 ubi
1337 2123 1443 2177 fitmen-

378 2201 416 2253 tio
432 2199 465 2254 de
476 2201 585 2267 inferis,
601 2214 627 2255 et
642 2202 790 2256 inferorum
804 2202 907 2256 incolis.
923 2201 1005 2256 Ovid.
1017 2203 1198 2275 Metamorph.
1210 2205 1238 2268 1,
1255 2203 1312 2272 374
1324 2224 1331 2269 ;
1345 2199 1441 2256 AEneid.

378 2281 433 2346 VI,
456 2299 530 2350 ²993
553 2283 663 2348 Noster,
683 2281 763 2338 Here.
780 2283 843 2336 Fur.
866 2301 935 2354 701,
955 2283 1029 2353 765;
1049 2286 1204 2356 Agamemn.
1225 2283 1300 2354 759,
1323 2294 1350 2336 et
1370 2283 1442 2336 Here.

378 2359 443 2413 OEt.
465 2367 546 2424 1004.

421 2451 500 2504 1205.
515 2451 652 2522 ‘Equorum
668 2449 795 2502 abscondit
809 2454 855 2504 eiu.
873 2451 941 2504 Vult
958 2450 1008 2522 legi
1021 2452 1137 2524 Raphel.
1154 2456 1257 2524 tepueris
1272 2453 1372 2517 caedra·
1385 2455 1441 2506 Soa-

376 2531 455 2600 liger,
478 2550 561 2602 aequor
580 2530 719 2595 abscondit,
742 2543 854 2601 uterque
874 2548 941 2601 pro,
964 2535 1067 2604 aequoris
1089 2531 1237 2597 abscondat,
1260 2532 1336 2606 qnod
1350 2551 1441 2588 tereus

375 2610 476 2680 reepuit
487 2649 495 2674 ,
508 2623 534 2672 et
549 2607 622 2680 quod
638 2609 771 2680 reperitur
785 2609 812 2662 in
831 2610 1031 2664 vetustioribus.

419 2705 500 2756 1106.
514 2701 612 2772 Rapite.
626 2701 701 2760 Melit
714 2702 791 2756 Both.
805 2705 899 2772 eapite,
920 2702 983 2773 qnia
1000 2707 1077 2774 rapite
1092 2723 1155 2758 rnnx
1172 2707 1322 2776 praeemit,
1343 2719 1369 2760 et
1388 2706 1444 2778 quia

376 2781 485 2853 insuper
499 2781 596 2851 legitur
615 2781 701 2846 infra,
721 2783 796 2836 1238
810 2801 820 2835 .·
833 2807 844 2832 ι
856 2783 943 2853 Ileeipe
959 2801 1020 2848 me,
1035 2781 1154 2838 odinum
1170 2785 1267 2842 Chaos.
1277 2813 1291 2833 ο

417 2875 502 2936 rand.
517 2874 819 2944 Martedignutasaeinm
831 2894 913 2928 aurae.
925 2875 969 2928 stc
986 2887 1070 2930 nostr.
1090 2895 1182 2931 omnee
1202 2878 1316 2932 omuino
1336 2877 1410 2932 MSS.
1422 2889 1447 2930 et
1490 2895 1492 2904 ¹

376 2975 407 3008 er
426 2968 527 3025 septem
545 2953 691 3026 decemque
706 2953 780 3008 editt.
800 2953 1055 3026 quatuor'tantum,
1072 2956 1176 3010 Fabric.
1196 2956 1321 3012 Gronov.
1342 2959 1445 3029 Bipant.

376 3036 453 3088 Both.
475 3060 487 3083 ι
502 3035 591 3087 Morte
611 3034 681 3088 laeili
695 3035 724 3088 h.
740 3033 837 3106 dignae
851 3033 922 3088 hund
941 3051 1042 3099 enm,·
1059 3027 1159 3102 (Both.
1178 3061 1189 3086 ι
1202 3050 1290 3092 morte
1309 3039 1387 3094 senile
1400 3063 1411 3085 υ
1423 3033 1448 3100 l,

376 3127 403 3167 et
420 3113 512 3168 dieunt
534 3109 697 3168 rescribere
719 3131 781 3166 enm
806 3115 938 3178 Etrueco,
961 3114 1025 3185 quia
1045 3115 1126 3169 nimie
1147 3118 1198 3172 hoc
1221 3117 1297 3183 lere,
1319 3132 1346 3172 et
1369 3117 1447 3188 plnrie

377 3195 428 3247 tilii
446 3195 519 3246 litem
538 3194 656 3246 Theeene
678 3194 797 3246 aeetimat.
817 3193 880 3247 Non
902 3197 1039 3266 potuimus
1057 3195 1094 3248 ita
1120 3195 1260 3250 diremtire
1286 3215 1303 3250 a
1329 3198 1405 3252 MSS.
1424 3207 1449 3248 et

378 3272 441 3326 edd.
460 3273 568 3327 caterie.
593 3271 742 3327 Withefine
761 3291 817 3325 non
841 3272 947 3327 dubitat
971 3275 1101 3340 seribere,
1125 3276 1240 3330 aMorte
1258 3277 1339 3347 quali
1359 3275 1449 3348 dignun

375 3353 429 3406 heu
444 3371 511 3407 enm.
528 3378 539 3399 ι
552 3383 593 3394 -
602 3352 674 3405 Nara
692 3363 774 3406 natam
788 3373 852 3406 nece.
869 3353 966 3408 Editur
981 3354 1047 3406 olim
1060 3374 1144 3420 vana,
1159 3357 1215 3410 eine
1228 3371 1332 3412 mente.
1346 3359 1449 3410 Banna.

421 3451 505 3486 raro.
525 3433 556 3484 In
578 3445 661 3485 uernae
680 3430 765 3487 medes.
790 3433 950 3504 Indignatur
974 3433 1106 3488 Gruterue
1132 3454 1187 3488 eene
1204 3435 1251 3507 qni
1271 3455 1327 3508 pra
1347 3436 1450 3508 egregio

376 3513 507 3577 habeant,
525 3510 599 3582 qnod
623 3513 650 3564 in
671 3513 725 3565 anie
742 3511 820 3567 codd.
841 3513 967 3567 invenere
991 3514 1059 3568 hane
1087 3515 1226 3568 lectionem
1239 3536 1245 3568 :
1259 3533 1361 3572 vocam
1381 3518 1448 3570 enim

376 3590 465 3658 illam,
479 3591 571 3658 κείω,
589 3591 634 3644 laia
656 3592 720 3645 lerri
743 3611 799 3645 non
824 3591 939 3664 dehere,
959 3592 1011 3646 niei
1038 3594 1175 3648 anferatur
1194 3595 1284 3650 omnia
1303 3597 1359 3650 loci
1376 3597 1451 3668 ltujue

378 3671 514 3744 elegantia.
524 3671 708 3726 Florentinum
721 3683 809 3726 tamen
819 3686 844 3726 et
854 3692 917 3741 noe,
929 3674 1042 3728 etmulti
1054 3674 1112 3739 elii,
1126 3675 1164 3728 eie
1179 3674 1294 3747 legendo
1307 3677 1452 3747 sequimur.

422 3752 506 3805 rard.
521 3751 552 3803 Ia
571 3749 616 3805 itae
631 3746 759 3805 ndtmma’
778 3754 909 3807 Commel.
933 3752 997 3822 legit
1020 3754 1048 3807 in
1069 3755 1142 3820 euin,
1162 3757 1187 3808 in
1205 3757 1250 3808 lac
1274 3757 1411 3821 tremidus,
1428 3768 1453 3808 et

277 3834 279 3840 '
376 3835 464 3884 locum
480 3829 557 3884 valde
575 3831 625 3883 eibi
643 3845 794 3904 enepeotnm
814 3830 938 3886 declaret.
956 3833 1049 3888 Delrio
1064 3834 1151 3905 placet
1167 3837 1266 3890 Venet.
1291 3850 1321 3890 et
1342 3837 1453 3906 Herbip.

377 3911 474 3978 lectio,
489 3915 514 3964 ia
534 3912 637 3972 calum,-
652 3912 674 3964 ei
696 3926 783 3966 tamen
807 3912 883 3966 initio
902 3931 1008 3977 verene,
1024 3915 1059 3966 ad
1076 3918 1186 3985 proin,
1204 3916 1351 3970 eeribatur.
1372 3917 1454 3970 Cete-

377 4010 470 4044 rorum
481 3991 730 4062 interrogationem,
747 4014 757 4036 ι
770 3992 796 4044 in
810 3993 861 4046 hoe
872 3991 1010 4046 redinant?
1022 4035 1028 4046 .
1042 4035 1048 4046 .
1063 4007 1089 4047 et
1101 4014 1161 4066 geu.
1174 4015 1266 4051 neaem
1281 4001 1317 4048 t»
1333 4015 1385 4052 noe
1396 4015 1454 4052 aum

381 4072 479 4126 Bothio
490 4070 621 4138 tollimner
638 4070 700 4124 vide
722 4071 814 4126 Notae.

421 4171 503 4206 iana.
521 4153 617 4222 lainga.
632 4149 766 4218 Quidam,
784 4155 882 4222 irrogo,
897 4151 933 4206 ait
952 4151 1143 4206 Commelimta.
1205 4144 1208 4151 ¹
