3116 5172
368 551 439 624 530
661 547 700 614 1.
726 544 898 616 ANNAEI
923 543 1130 616 SENECAE

413 697 515 746 cerr.
539 673 584 742 Et
606 695 676 741 esse
694 669 829 740 demens
848 684 880 737 tc
901 692 1016 763 parem
1034 667 1132 737 nobis
1151 667 1273 761 putes?

415 809 467 854 ru..
489 779 619 854 Vobis?
634 781 710 876 quis
728 779 789 850 iste
806 793 856 848 est
870 776 956 848 alter
968 779 1199 872 Agamemnon
1216 779 1317 850 tuus?

412 899 459 966 Ut
476 892 577 963 vidua
595 889 731 985 loquere
752 917 760 960 :
781 891 833 958 vir
849 903 941 962 caret
957 887 1025 958 vita
1042 903 1131 958 tuus.

409 1029 510 1077 cm.
529 1000 695 1072 Indomita
712 1015 788 1094 post
804 999 875 1069 baec
891 999 1030 1094 virginis
1049 1001 1150 1070 verbe
1169 1000 1278 1095 impiae

409 1117 539 1210 Regina
555 1112 706 1206 frangam
721 1137 730 1178 ε
746 1111 845 1180 citius
864 1109 990 1178 interea
1005 1109 1088 1178 mibi
1386 1128 1425 1180 ⁹⁶⁵

411 1225 578 1310 Edissere,
593 1221 652 1291 ubi
675 1221 716 1291 sit
732 1235 848 1308 natus,
864 1219 922 1289 ubi
939 1219 1042 1290 freter
1059 1235 1145 1289 tuus.

409 1361 460 1406 en.
481 1335 572 1406 Exiit
588 1337 756 1426 Mycenas.
778 1355 874 1402 cerr.
897 1328 1011 1398 Redde
1032 1355 1122 1398 nunc
1146 1343 1261 1398 natum
1284 1327 1377 1396 mihi.

410 1471 462 1516 et..
483 1449 527 1514 Et
547 1458 583 1512 tu
606 1456 777 1538 parentem
800 1438 910 1509 redde.
930 1463 1029 1510 cm.
1054 1440 1133 1529 Quo
1153 1437 1263 1508 latitat
1283 1435 1380 1507 loco?

409 1581 461 1626 ιιι.
480 1559 587 1642 Τιιιο;
609 1553 762 1647 quietus,
780 1575 883 1646 regua
902 1574 969 1618 uon
992 1565 1143 1618 metuens
1161 1573 1269 1618 nova:

408 1669 510 1735 Justae
528 1663 658 1760 parenti
676 1662 776 1746 satis,
797 1675 832 1730 at
851 1661 942 1730 iratae
961 1685 1091 1756 parurn.
1388 1697 1425 1738 ῃ,

408 1799 506 1846 cm.
521 1773 679 1842 Morieris
689 1770 800 1840 hodie.
815 1796 868 1841 nn.
887 1770 1080 1840 Dummodo
1093 1771 1157 1839 hac
1169 1772 1295 1839 moriar
1309 1795 1427 1852 manu;

408 1881 541 1954 Recedo
560 1881 602 1950 ab
619 1881 709 1950 aris:
733 1881 803 1949 sive
822 1895 854 1949 te
868 1879 988 1976 jugulo
1005 1881 1102 1975 juvat

407 1993 562 2064 Mersisse
581 1991 731 2077 ferrum,
746 1990 880 2086 praebeo
897 1989 1051 2086 jugulum
1074 1989 1208 2060 volens:

407 2107 474 2176 Seu
492 2126 586 2172 more
607 2099 773 2196 pecudum
792 2097 876 2170 colla
895 2101 1036 2172 resecari
1054 2099 1183 2196 placet,

406 2216 540 2282 Intente
556 2212 667 2280 cervix
682 2207 806 2280 vulnus
827 2225 994 2305 exspectnt
1013 2226 1121 2280 tuum.

409 2320 524 2392 Scelus
545 2336 717 2416 peractum
735 2334 784 2389 est
806 2345 814 2388 :
837 2320 926 2390 caede
943 2346 1125 2416 respersam
1149 2321 1210 2389 viri

404 2435 515 2528 Atque
532 2429 715 2502 obsoletam
733 2431 896 2526 sanguine
913 2431 978 2499 hoc
996 2430 1146 2500 dextram
1164 2427 1275 2499 ablue.

410 2563 513 2612 cur.
532 2543 680 2610 Consors
695 2539 811 2634 pericli
831 2541 956 2636 pariter
973 2565 1012 2610 ac
1032 2540 1125 2636 regni
1144 2541 1232 2626 inei,

317 2714 320 2720 .
410 2649 577 2745 AEgistbe,
596 2649 758 2744 gradere:
778 2665 856 2720 natu
873 2652 1067 2746 genitricem
1086 2651 1187 2745 impie

406 2759 543 2830 Probris
561 2756 714 2828 lucessit:
735 2759 886 2829 abditum
908 2759 1045 2831 fratrem
1066 2759 1201 2830 occulit.
1390 2777 1432 2828 e*-

411 2893 559 2942 motsrtt.
583 2868 779 2939 Furibunda
797 2871 908 2967 virgo,
929 2871 1019 2942 vocis
1038 2870 1182 2940 infandae
1201 2893 1341 2954 sonum,

410 2984 454 3052 Et
469 3003 550 3050 aure
571 2977 671 3050 verba
689 2980 825 3076 indigne
847 2995 997 3052 materna
1011 2983 1175 3076 opprime.

402 3217 470 3286 961.
489 3211 526 3268 Et
539 3231 597 3266 esre.
616 3213 658 3264 An
675 3225 705 3268 tu
722 3211 809 3268 credis
825 3212 872 3272 de·
959 3233 1026 3286 971.
1043 3215 1100 3270 Hac
1117 3220 1208 3270 moriar
1218 3233 1302 3270 manu.
1317 3215 1395 3280 Tne,
1410 3215 1433 3266 si

362 3313 423 3350 cere
436 3306 463 3347 te
478 3289 571 3345 eedem
588 3309 648 3362 que
666 3293 731 3348 noe?
748 3294 831 3348 immo
847 3305 873 3348 te
916 3296 1209 3368 postconjugemetiern
1216 3296 1300 3350 liliam
1309 3293 1435 3348 occidere

361 3375 482 3430 resistere
497 3387 573 3442 poste
589 3370 676 3424 nobis.
918 3375 1042 3429 sustines:
1060 3395 1116 3428 non
1130 3376 1232 3446 pigebit
1243 3373 1335 3428 endem
1348 3393 1434 3428 manu

403 3455 470 3524 964.
478 3449 609 3502 Indomita.
619 3449 784 3506 Obstinttem
793 3453 874 3508 enimi
918 3454 1020 3526 perire,
1033 3473 1084 3526 qm
1095 3468 1180 3528 peter.

363 3531 541 3595 ferocitatem,
562 3547 642 3601 quant
664 3545 812 3588 maternum
831 3535 874 3605 jur
958 3538 1025 3605 97⁶·
1042 3533 1125 3588 Scelus
1138 3547 1262 3606 peractum
1276 3545 1320 3585 est.
1341 3533 1435 3584 Restat

364 3613 470 3667 flectere
479 3627 534 3662 non
545 3621 644 3680 potest,
654 3623 799 3683 sceptrum,
809 3631 874 3686 que·
918 3626 949 3668 ut
975 3615 1135 3686 impuratum
1168 3633 1277 3668 menum
1304 3612 1437 3681 sangnine

364 3707 441 3748 tenuo
453 3687 544 3760 rqine
560 3707 636 3758 sum,
649 3691 760 3764 franget.
918 3693 1046 3759 maiuli,
1057 3694 1132 3748 filiali
1140 3711 1236 3748 cruore
1247 3693 1338 3748 eblum
1348 3709 1356 3743 :
1368 3705 1439 3746 tnnc

404 3773 472 3842 968.
487 3767 630 3832 Percuteret,
648 3771 875 3843 Agnrnemnonem
919 3773 1006 3838 enim,
1034 3793 1135 3846 quum,
1155 3775 1241 3828 scelus
1265 3785 1360 3836 tuum,
1381 3769 1440 3824 viri

362 3870 443 3925 quern
457 3845 586 3903 occidisti.
918 3851 1018 3908 cedern
1027 3891 1035 3918 ‚
1045 3855 1196 3926 peregeris,
1211 3854 1291 3908 ablue
1304 3869 1410 3906 eruore

402 3935 470 4002 969.
481 3927 566 3994 Nova,
578 3925 692 3982 adulteri
707 3931 808 4001 tuique.
919 3931 992 3986 illum
1009 3952 1069 3986 tneo
1079 3934 1214 4005 sangnine.

402 4027 465 4080 970.
483 4007 578 4072 Iustu,
595 4019 645 4062 etc.
667 4008 807 4064 sufficeret
821 4009 873 4066 boc
957 4013 1109 4095 377.Sang.
1120 4015 1181 4076 boe,
1195 4012 1265 4076 ruci,
1281 4010 1344 4064 filie
1356 4023 1426 4064 tua.

360 4107 517 4160 responsum
525 4087 711 4142 nutrimenti
720 4101 746 4142 et
754 4089 816 4160 pie3
825 4089 871 4146 sed
955 4094 1022 4162 982.
1038 4095 1108 4148 Aure
1127 4093 1228 4162 indigua
1244 4103 1372 4156 matema,
1395 4089 1442 4142 in·

360 4181 471 4222 matrem
487 4167 597 4232 iratam,
609 4180 639 4220 ut
652 4179 681 4224 tu
694 4187 738 4233 es,
749 4167 828 4223 ledit.
914 4168 993 4242 digua
1009 4191 1067 4244 que
1083 4185 1167 4228 meter
1188 4169 1287 4226 audiet.
