3042 5156
401 609 633 680 OEDIPUS.
659 609 770 678 aer.
797 609 864 677 iv,
1104 606 1169 705 195

154 760 223 808 (ιι).
243 733 423 807 Connubia
442 732 558 801 matris
576 728 741 823 Delphico
759 729 934 801 admonitu
953 745 1070 802 tremo.
1131 757 1170 796 aa

156 870 224 918 san.
249 847 383 916 Timere
400 867 484 913 vana
504 841 634 928 desine,
651 855 685 910 et
705 854 819 936 turpes
843 855 950 912 metus

154 962 302 1052 Depone.
320 961 462 1050 Merope
482 977 561 1022 vcra
578 977 646 1022 non
668 951 777 1020 fuerat
797 975 927 1045 parens.

155 1092 221 1138 mn.
245 1066 350 1158 Quod
367 1065 525 1135 subditivi
545 1064 718 1158 praemium
741 1064 810 1131 nati
831 1063 953 1159 petiit?

155 1204 224 1250 sar.
242 1183 397 1274 Regnum
415 1176 617 1272 superbum:
638 1174 733 1244 liberi
751 1173 964 1270 adstringunt
983 1175 1095 1246 fidem.
1208 1222 1210 1231 ·

155 1314 222 1361 mn.
242 1293 375 1360 Secreta
393 1287 548 1374 thalami,
568 1285 657 1374 fare,
676 1307 744 1379 quo
759 1285 902 1378 excipias
919 1285 1029 1356 modo.
1132 1307 1170 1348 aas

155 1422 223 1470 ser.
236 1403 297 1470 Hae
314 1414 347 1468 te
361 1399 492 1493 parenti
510 1395 684 1492 parvulum
704 1393 844 1464 tradunt
862 1419 991 1465 manus.

154 1533 224 1580 mu.
242 1514 297 1580 Tu
315 1535 370 1579 me
388 1508 519 1603 parenti
538 1505 662 1592 tradis;
680 1519 715 1574 at
735 1504 811 1598 quis
829 1529 882 1574 mc
898 1505 984 1575 tibi?

156 1643 223 1692 sen.
250 1624 367 1691 Pastor
385 1620 502 1690 nivoso
523 1618 585 1688 sub
603 1615 804 1689 Cithaeronis
820 1616 915 1712 jugo.

149 1753 218 1800 tuo.
236 1735 278 1800 Io
298 1728 354 1801 illa
372 1744 475 1799 temet
494 1750 630 1798 nemora
649 1726 724 1821 quis
745 1749 840 1795 casus
860 1725 962 1796 tulit?

153 1863 219 1912 sau.
244 1837 308 1912 Illo
326 1835 487 1936 sequebar
503 1851 617 1909 monte
634 1835 826 1933 cornigeros
843 1861 972 1934 greges.
1130 1863 1170 1904 oa

152 1973 221 2020 mn.
240 1955 342 2022 Nunc
362 1949 456 2020 adice
474 1963 580 2019 certas
598 1947 748 2042 corporis
769 1948 875 2016 nostri
894 1963 1000 2018 notas.

152 2083 219 2131 sert.
241 2065 363 2131 Forata
382 2060 471 2130 ferro
490 2083 635 2154 gesseras
653 2058 810 2154 vestigia,

150 2171 291 2240 Tumore
313 2184 431 2240 nactus
454 2196 574 2240 nomen
594 2193 634 2238 ac
653 2168 735 2237 vitio
756 2167 892 2262 pedum.

151 2299 220 2349 can.
238 2281 327 2372 Quis
346 2277 448 2348 fuerit
467 2279 539 2368 itta,
560 2280 619 2374 qui
639 2301 749 2346 meum
769 2275 859 2347 dono
877 2277 969 2349 dedit

151 2393 299 2486 Corpus,
317 2391 464 2484 requiro.
486 2415 559 2460 san.
576 2388 698 2483 Regios
715 2387 804 2480 pavit
819 2413 945 2485 greges.
1130 2413 1168 2453 ns

144 2525 316 2596 torffarpo.
324 2521 399 2588 Quid
409 2523 480 2576 enim
495 2525 609 2596 turpius,
653 2529 721 2583 buit.
738 2559 775 2573 -
794 2529 927 2597 Excipiet,
952 2545 1004 2598 pro
1024 2526 1165 2597 exceperis.

110 2619 178 2672 quarn
199 2605 298 2658 incesta
319 2621 381 2656 cum
400 2615 485 2657 matre
506 2623 610 2658 connu·
653 2606 779 2662 vividius
791 2607 902 2662 dictum.

109 2681 144 2734 tia
151 2683 210 2738 estc
220 2689 297 2754 turpis
305 2681 609 2756 diciturOEdipusipse,
695 2691 759 2744 806.
767 2689 825 2753 Hoe,
834 2686 1062 2748 mem-Parem,
1072 2687 1166 2742 30.Ρο-

110 2779 140 2813 rs.
152 2765 220 2831 238,
234 2765 282 2818 ubi
293 2762 349 2817 vid.
363 2777 421 2818 not.
653 2768 734 2838 iybo,
748 2788 827 2841 quem
839 2780 928 2821 tamen
938 2767 988 2820 ecit
1000 2769 1089 2822 senior
1110 2787 1165 2821 non

142 2843 472 2914 8⁰3.Quodsubditr'oi‚etc.
487 2845 519 2896 ln
528 2863 609 2916 quem
653 2867 709 2902 esse
725 2862 827 2920 patrem
842 2847 960 2917 OEdipi;
981 2845 1027 2900 aed
1049 2867 1081 2901 ex
1101 2867 1167 2901 con·

108 2919 179 2976 finem
198 2922 311 2978 adscivit
329 2944 373 2979 me
387 2923 474 2977 filium
486 2925 611 2997 supposi·
653 2941 729 2981 sueto
745 2926 874 2999 loquitur.
890 2957 929 2968 —
946 2926 1046 2980 Parvul.
1066 2927 1166 2980 tradunt

108 3000 184 3056 titium
195 3005 331 3074 Merope?
653 3007 824 3060 tamnaco
837 3005 1165 3078 sequentiapaeneomnia‚

139 3084 201 3148 ⁸⁰⁴·
214 3085 323 3156 fleam
340 3083 472 3156 repertum.
488 3083 551 3139 sub.
563 3102 611 3156 pe-
652 3087 699 3160 qui
715 3107 777 3141 cum
790 3085 935 3158 Sophocle,
954 3085 982 3138 in
997 3083 1108 3158 OEdipo
1124 3099 1166 3158 ty·

107 3159 171 3227 tivit3
182 3177 208 3217 et
218 3185 318 3236 regnum
331 3165 465 3235 siparum,
476 3164 610 3236 intellige,
653 3186 747 3234 ranno,
757 3165 974 3231 contulerit,non
981 3165 1088 3220 aliunde
1095 3185 1165 3221 surn-

106 3241 263 3309 {plendorem
274 3245 358 3316 regni.
368 3245 610 3298 -Le'herr'adstrin-
654 3261 698 3321 pta
712 3243 905 3320 deprehendet.

104 3335 158 3384 gunt
174 3323 256 3391 fidem.
279 3325 405 3377 Retinent
428 3326 560 3397 populum
580 3324 609 3376 in
694 3329 761 3381 811.
776 3327 864 3390 Adice,
874 3323 973 3396 adjice,
987 3323 1064 3381 adda.

105 3398 165 3466 fide,
175 3422 211 3456 ne
226 3402 335 3477 quando
348 3403 479 3457 interfecti
497 3405 566 3476 regis
578 3403 610 3457 li·
694 3406 760 3462 813.
780 3408 882 3460 Tumore
896 3417 995 3470 nactus,
1013 3417 1067 3478 etc.
1079 3401 1163 3458 ottus

103 3479 153 3533 beri
176 3483 231 3537 sint
246 3485 357 3538 ultores.
381 3484 467 3537 Fine.
483 3515 523 3528 --
542 3483 609 3538 Sen-
653 3487 688 3542 eda
705 3475 1164 3556 πόδιμίῌθιννὶνῇλὰςὠνόμα-

104 3561 184 3616 tentin
218 3577 313 3618 auctor
340 3561 500 3636 Euripides,
534 3561 608 3618 Med.
651 3569 689 3630 ζιν
719 3561 848 3620 ottericus.
879 3563 1004 3636 Euripid.
1036 3565 1166 3620 Phoeniss.

103 3656 134 3692 vt.
153 3643 210 3712 597
225 3663 232 3697 :
249 3650 325 3698 otio
346 3647 474 3714 τυράννους
498 3640 609 3709 παῖδας,
652 3665 690 3701 vs.
706 3663 751 3716 ²7·
765 3676 806 3686 —
819 3644 903 3698 Moris
923 3658 978 3699 erat
997 3643 1067 3718 apud
1085 3641 1165 3700 Anti·

101 3719 170 3788 leupo
178 3719 294 3794 deipnos.
307 3723 487 3778 confirmator
493 3723 609 3782 Tacitus,
653 3744 719 3798 quos
735 3743 765 3778 ea
781 3725 929 3778 infantibus
940 3726 1051 3778 nomina
1063 3724 1166 3778 indice·

102 3797 162 3853 ffisr.
172 3803 227 3868 w,
240 3807 293 3858 52:
313 3805 398 3857 nNon
410 3803 541 3875 legiones,
555 3822 609 3857 non
653 3826 698 3871 re,
723 3823 782 3875 quoe
801 3818 951 3876 spectarent
975 3803 1009 3858 ad
1035 3803 1164 3876 quasdam

99 3879 201 3948 eum,
213 3881 330 3954 perinde
342 3882 420 3937 firma
433 3884 541 3955 imperii
552 3901 611 3938 mu·
653 3903 747 3958 pravas
759 3885 875 3940 bonasve
887 3886 970 3940 animi
979 3882 1064 3948 dotes,
1076 3881 1166 3938 autad

100 3959 228 4025 uiuente,
245 3983 326 4036 quarn
348 3982 490 4017 namnum
509 3963 609 4018 libero·
653 3963 763 4038 aliquod
783 3965 903 4037 eorporis
916 3963 1092 4020 vitiumvtd.
1112 3963 1170 4016 Ma·

98 4057 181 4093 rm·
203 4045 312 4097 Banu.
656 4047 730 4099 orob.
738 4043 845 4100 Saturn.
854 4046 882 4111 1,
894 4063 917 4098 c.
934 4049 965 4113 6;
977 4044 1045 4098 Ptin.
1055 4043 1169 4107 XVIII,

134 4121 200 4176 80⁵.
225 4123 324 4176 Secreta
344 4123 451 4176 tlmlomi.
472 4121 612 4176 Arcam
657 4144 753 4198 capr,
768 4125 907 4196 al.cop.a.
1016 4119 1019 4126 ¹

95 4193 177 4266 diod,
203 4201 280 4274 qood
301 4221 357 4258 non
378 4203 448 4257 oltra
465 4202 564 4274 Polybi
588 4215 615 4256 et
699 4205 767 4259 815.
779 4206 861 4270 Parit,
870 4218 901 4258 ut
909 4204 997 4277 regius
1008 4213 1175 4274 parternum·

97 4276 224 4353 Nesope·
247 4283 394 4338 thalamum
413 4282 539 4355 progredi
568 4281 616 4338 de·
658 4302 763 4350 mussa
779 4285 948 4355 verb-posco.

992 4377 1051 4452 13²
