3008 5158
374 503 436 584 idn
657 501 696 566 n.
725 495 904 564 luunr
930 495 1137 566 siruncn

512 619 648 693 Miscuit
666 616 765 686 undis
784 619 887 712 Styga
904 615 1060 687 Sidoniis.

513 735 609 802 Mors
627 729 694 798 alta
711 727 826 797 avidos
844 728 912 796 oris
930 727 1041 796 hiatus

513 841 651 926 pandit,
676 854 709 908 et
730 861 845 908 omnes
862 835 1005 931 explicat
1027 836 1105 908 ales.

512 952 647 1045 Quique
668 951 782 1044 capaci
802 946 940 1017 turbida
955 948 1073 1042 cymba

512 1059 667 1130 Flumina
686 1073 796 1128 servat
816 1057 920 1126 durus
942 1059 1035 1126 senio

512 1172 633 1243 Navita
652 1169 773 1256 crudo,
791 1169 846 1238 vix
864 1167 996 1238 assiduo

513 1281 653 1351 Brachia
676 1294 778 1350 conto
796 1279 916 1348 lassata
937 1278 1056 1364 refert,

513 1395 630 1461 Fessus
650 1391 784 1459 turbam
803 1404 934 1458 vectare
952 1413 1081 1458 novam.

513 1503 608 1592 Quin
626 1503 776 1570 Taenarei
796 1498 929 1569 vincula
946 1498 1024 1568 ferri

514 1612 655 1707 Rupisse
675 1636 791 1679 canem
809 1607 920 1697 fama,
939 1625 976 1680 et
996 1609 1119 1678 nostris
1153 1643 1157 1650 ·
1216 1657 1223 1670 ·

413 1753 476 1806 163.
486 1751 719 1824 Stygs.Vcnenatis
727 1749 824 1822 Stygia
834 1767 880 1820 pa·
926 1749 1043 1820 fingitur.
1059 1761 1090 1801 ut
1101 1765 1160 1820 quas
1176 1749 1298 1804 celeriter
1309 1765 1337 1806 et
1348 1752 1427 1824 inopi·

371 1831 442 1886 ludis
461 1829 539 1884 undis
557 1849 637 1902 aquas
659 1828 781 1884 Sidonias
798 1831 880 1902 pestis
925 1842 987 1884 nato
1006 1829 1101 1884 veniat.
1112 1828 1169 1882 Hoc
1181 1828 1243 1882 citat
1253 1830 1383 1884 Badenius
1395 1835 1426 1886 ita

371 1912 478 1974 infecit,
490 1909 582 1972 idest,
598 1909 799 1981 corruptionem
811 1921 880 1962 attu·
926 1926 1080 1980 expressum
1094 1909 1190 1974 Statio,
1209 1911 1340 1965 Thebaid.
1354 1913 1425 1976 vlu,

370 1993 401 2045 lit
413 1990 547 2054 amnibus,
562 1989 692 2055 fontibus,
704 1989 793 2060 puteis
805 1985 881 2043 Sido·
927 1987 982 2058 377
994 2010 1000 2042 z
1014 2017 1040 2041 ι.
1054 2027 1061 2041 .
1073 2028 1079 2041 .
1092 1987 1241 2060 Stygiisque
1254 1992 1348 2046 emissa
1361 2003 1426 2044 tene·

372 2073 422 2124 niis
433 2061 498 2139 (aut
509 2069 660 2132 Thebanis,
673 2087 735 2121 nam
750 2067 879 2134 Cadmca,
925 2067 980 2120 bris
990 2069 1063 2122 Mora
1074 2069 1172 2122 fruitur
1180 2070 1260 2135 ceto,
1269 2072 1429 2124 bellatorem·

370 2151 525 2206 Thebarum
543 2147 702 2212 conditor,e
717 2147 816 2202 Sidone
836 2165 881 2202 vc·
925 2165 978 2218 que
991 2147 1106 2201 volando
1123 2149 1252 2219 Campum
1273 2153 1374 2222 operit,
1390 2151 1428 2204 ni·

370 2221 471 2298 neret).
493 2229 535 2282 Sic
549 2227 686 2281 Claudias.
705 2241 796 2282 contra
816 2225 879 2280 Ruf.
925 2245 1025 2299 groque
1039 2229 1110 2281 viros
1125 2228 1217 2282 invitat
1231 2229 1318 2282 hiatu.
1329 2255 1341 2278 a

369 2311 416 2363 lib.
427 2311 496 2372 I,vs.
507 2308 574 2370 304:
585 2309 751 2376 «Corruptos
763 2307 880 2378 Stygiam
968 2309 1033 2362 168.
1053 2309 1153 2361 Navita.
1178 2309 1301 2372 Charon,
1322 2309 1428 2380 portitor

370 2403 470 2461 pestem
480 2385 606 2440 diffundit
615 2387 642 2438 in
653 2405 750 2438 amnes.
760 2412 771 2433 ι
787 2387 820 2439 Et
830 2386 875 2440 Sil.
925 2383 997 2439 Orci.
1007 2419 1046 2430 -
1053 2386 1144 2440 Cruda.
1154 2386 1244 2440 Viridi
1254 2390 1426 2460 robustoque:

371 2469 458 2522 Italic.
470 2467 517 2520 lib.
532 2466 608 2530 xlv,
621 2483 658 2517 vs.
674 2467 749 2518 586:
766 2466 821 2518 uEt
833 2483 880 2536 pa·
924 2465 1022 2536 Virgil.
1036 2467 1162 2534 AEn.V1,
1181 2467 1235 2528 doti
1249 2489 1255 2518 ε
1277 2494 1288 2516 ι
1305 2507 1327 2523 ..
1338 2507 1345 2521 .
1355 2467 1430 2522 crude

371 2548 453 2600 tulum
468 2545 584 2618 Cyanem
602 2545 707 2616 lateque
720 2545 880 2615 palustribus
924 2542 975 2598 deo
986 2545 1131 2617 viridisque
1141 2559 1268 2600 senectus.
1281 2573 1292 2595 ι

371 2625 449 2680 undis
459 2627 626 2696 Stagnantem
635 2624 725 2694 Stygio
733 2625 826 2696 Cocyti
836 2623 881 2678 ob·
968 2629 1032 2694 ¹69.
1043 2627 1134 2694 desert.
1145 2626 1198 2678 Vix
1212 2625 1246 2679 ad
1256 2624 1429 2699 curig-ndum

369 2706 452 2777 plevit
463 2703 554 2758 odore.
566 2729 577 2751 ι
593 2705 656 2775 Styx
668 2701 790 2775 (cruyfa,
800 2701 880 2770 odi),
924 2704 1032 2759 brachia
1049 2724 1080 2758 es
1095 2725 1165 2760 noro
1183 2707 1312 2778 accingit,
1332 2707 1429 2761 enideo

370 2787 430 2838 fons
441 2783 577 2847 Arcadica,
597 2801 691 2854 aquam
706 2783 805 2838 babere
820 2785 880 2837 vul·
924 2783 1047 2838 movendi
1061 2799 1172 2840 contum
1189 2785 1278 2840 labore
1295 2789 1396 2841 lassata.

368 2885 404 2936 go
422 2863 580 2918 credebatur
595 2863 678 2916 nimio
697 2864 796 2934 frigore
815 2863 879 2917 leta·
967 2866 1433 2933 172.Toeamrsmtramaert3e-

368 2947 440 3010 lem,
462 2943 529 2998 adeo
547 2944 725 3006 corrosivam,
748 2957 778 2996 nt
798 2961 879 2996 omne
925 2945 1017 2996 berum
1047 2947 1149 3016 rupisse
1171 2946 1281 2998 ferream
1316 2960 1431 3002 catenant

368 3024 466 3079 metalli
476 3043 558 3095 genus
568 3023 760 3096 perfringeret,
770 3024 879 3094 solaque
923 3041 974 3093 qua
989 3021 1023 3076 ad
1035 3025 1173 3078 Taenarum
1188 3024 1331 3096 ligabatur.
1344 3029 1432 3080 Trana·

367 3106 433 3158 muli
445 3105 487 3158 vel
503 3104 567 3156 asini
580 3101 679 3172 ungula
691 3115 779 3172 posset
796 3103 880 3155 conti·
923 3119 983 3154 rum
1008 3105 1222 3174 promontorium
1244 3119 1282 3159 est
1299 3107 1432 3168 Laconia,

367 3185 562 3249 neri,testibus
574 3183 715 3234 Plutarcho
726 3182 754 3234 in
768 3181 880 3234 Alexan·
923 3181 970 3234 ubi
995 3181 1028 3234 ad
1054 3183 1155 3236 inferos
1181 3181 1324 3239 descensus
1347 3199 1432 3257 patere

369 3263 433 3330 dro,
446 3264 574 3324 Arriano,
588 3260 622 3314 de
634 3261 721 3313 Gestis
735 3260 876 3316 Alexandr.
923 3260 1090 3326 caedebatur,
1098 3276 1131 3315 nt
1141 3276 1167 3317 et
1178 3264 1205 3316 in
1218 3265 1330 3319 Averno
1342 3266 1431 3319 Italic:

367 3343 414 3397 lib.
427 3344 495 3406 VII,
510 3342 579 3394 Plin.
590 3341 637 3392 lib.
651 3340 739 3404 XXX,
752 3357 810 3411 cap.
827 3344 875 3404 rii,
926 3368 937 3388 ι
998 3379 1021 3394 ..
1033 3342 1171 3396 Tssnareas
1188 3343 1287 3407 fauces,
1303 3347 1357 3400 alta
1372 3344 1433 3398 ostia

368 3434 395 3474 et
408 3423 532 3485 Justino,
546 3419 877 3474 lih.X11.Dssn.-Hinc
922 3421 999 3476 Ditis.
1012 3447 1022 3470 ι
1040 3421 1151 3476 Cerberi
1174 3436 1262 3476 nutem
1276 3425 1378 3479 fabule
1391 3441 1435 3478 oe·

368 3503 476 3558 fabulati
498 3513 559 3552 sunt
584 3510 670 3570 poetar
691 3497 798 3570 Stygem
821 3517 876 3554 esse
921 3501 1052 3554 casioncm
1068 3502 1155 3555 ferant
1167 3500 1269 3556 dedisse
1282 3517 1433 3576 serpentem

366 3580 492 3652 paludem
510 3579 666 3632 inferorum.
920 3579 1060 3651 quemdam
1072 3581 1100 3633 in
1112 3583 1239 3647 Trenaro,
1250 3601 1350 3653 quern,
1361 3581 1433 3654 qnod

410 3665 474 3722 164.
499 3659 571 3712 Alta.
591 3657 675 3729 Supra
698 3677 747 3710 nos
771 3659 876 3724 volans,
921 3679 1009 3712 morsu
1034 3678 1050 3712 e
1074 3661 1186 3732 vestigio
1208 3678 1350 3728 enecaret,
1374 3659 1434 3731 rideo

365 3741 442 3794 nobis
454 3737 601 3791 imminens.
616 3737 743 3791 Similiter
753 3739 828 3810 Virg.
841 3737 876 3792 de
920 3740 980 3792 xiva
999 3740 1186 3807 nominarunt,
1209 3752 1290 3812 atque
1307 3743 1384 3796 hunc
1404 3743 1435 3794 ab

365 3817 876 3890 Tisiphone,Georg.IIl‚555:amavi·
920 3817 1033 3872 Hercule
1061 3817 1095 3872 ad
1118 3821 1302 3892 Eurystheum
1332 3821 1435 3893 produ·

365 3899 431 3953 dnm
444 3915 552 3968 surgens
562 3909 640 3967 caput
651 3898 729 3950 altius
741 3898 826 3950 effert.
841 3925 852 3947 ι
920 3912 1002 3953 ctum.
1015 3899 1101 3954 Faus.

409 3982 473 4033 165.
486 3979 574 4032 Omnes
583 3979 644 4030 alas.
654 3978 740 4042 Quam
751 3979 875 4031 citissime
962 3997 1012 4049 r7a
1030 3991 1056 4033 et
1071 3997 1126 4050 seq.
1138 3982 1238 4051 finpr'sse
1256 3999 1362 4046 canem,
1385 3993 1433 4034 etc.

364 4061 411 4113 alis
423 4070 524 4132 potest,
538 4059 631 4121 fertur,
651 4055 679 4109 id
702 4068 755 4120 est,
770 4059 874 4110 Theba·
918 4059 1080 4131 Plerumque
1108 4061 1136 4113 in
1167 4060 1281 4131 publicis
1313 4061 1437 4114 cladibus

364 4159 412 4192 nos
423 4138 588 4210 rapidissime
607 4149 708 4191 enecat.
723 4137 797 4190 Mors
808 4138 874 4190 alata
919 4138 989 4208 apud
1004 4140 1112 4193 Grecos
1123 4153 1150 4194 et
1163 4141 1298 4194 Romanoa
1308 4140 1434 4211 anrdam
