3058 5164
445 496 639 566 MEDEA.
664 497 776 570 Aut.
802 501 830 568 Ι.

153 617 295 692 Meliore
313 632 460 714 raptam,
481 643 563 690 voce
580 644 650 690 non
671 619 777 692 fausta
796 647 935 718 precor:

156 734 274 818 Nunc,
292 754 384 800 nuuc
404 727 515 800 adeste
533 727 664 800 sceleris
682 729 817 802 ultrices
832 739 931 823 Deae,

155 841 291 911 Crinem
310 837 427 910 solutis
445 838 601 936 squalidae
622 843 853 938 serpentibus,

153 955 271 1020 Atrum
289 950 436 1020 cruentis
454 951 610 1020 manibus
628 951 787 1046 amplexae
807 955 931 1044 funem,
1151 979 1176 1017 ιε

153 1059 297 1149 Adeste3
317 1057 472 1130 thalamis
491 1059 637 1132 horridae
654 1063 825 1156 quondam
844 1066 926 1136 meis

154 1168 280 1262 Quales
301 1169 448 1239 stetistis.
468 1169 616 1266 Conjugi
638 1169 742 1240 letum
761 1198 871 1262 novae,

139 1282 342 1374 Letumque
361 1303 475 1350 socero
496 1293 530 1347 et
550 1279 650 1374 regiae
668 1281 765 1376 stirpi
781 1282 878 1352 date:

153 1387 240 1458 Mihi
259 1388 356 1482 pejus
374 1387 520 1484 aliquid,
543 1389 634 1482 quod
654 1413 772 1484 precer
789 1417 913 1487 sponso
930 1393 1075 1470 malurn:

154 1498 255 1566 Vivat
275 1523 283 1566 :
307 1522 367 1592 per
383 1497 484 1566 urbes
502 1513 589 1567 erret
609 1500 740 1594 ignotas
759 1525 880 1595 egeus,

155 1606 275 1692 Exsul,
295 1631 434 1702 pavens,
456 1609 597 1696 invisus,
616 1609 735 1678 incerti
758 1608 854 1680 laris:

150 1856 195 1892 ss.
215 1837 280 1891 rue
296 1835 392 1890 arbore
417 1849 479 1908 rupe.
505 1839 618 1910 Raptam
706 1842 750 1896 18.
761 1838 817 1895 Soc.
827 1843 937 1897 Creonti
950 1843 1075 1918 illiusque
1086 1849 1173 1922 stirpi.

109 1917 186 1973 Pluto
199 1935 311 1972 uxonrn
328 1916 424 1983 duxit,
438 1915 547 1972 ductam
564 1937 619 1971 non
704 1936 746 1991 ¹9.
764 1921 828 1974 ΜίΙιὶ
836 1925 921 1993 pejus,
935 1936 986 1978 etc.
1006 1925 1173 1984 Assentimur

109 1995 260 2068 repudiarit
277 2015 409 2069 unquam,
422 2009 453 2050 ut
465 1997 548 2050 lason
561 1997 618 2050 Me·
662 1997 719 2053 tere
728 2000 893 2066 Scbmdero,
903 2003 1005 2056 omissis
1014 2017 1173 2062 ceterorum
1267 2011 1269 2018 ⁴

108 2075 194 2130 dnm.
204 2105 246 2118 -
256 2076 314 2130 Noa
321 2077 420 2144 sumo,
431 2087 462 2130 ut
473 2095 535 2149 quta
549 2077 618 2130 mala
660 2080 904 2151 conjectationibus.
926 2081 975 2134 Ille
995 2085 1095 2140 scilicet
1108 2088 1146 2142 sit
1162 2107 1170 2141 t

108 2156 292 2228 ultionemque
304 2168 426 2210 aremsat.
537 2219 541 2228 ,
660 2159 726 2214 «Ne
748 2160 908 2230 conjecturis
932 2161 1035 2216 levibus
1055 2166 1172 2220 sumeri-

150 2235 619 2307 13.Nm‚nsmdaesn,inpoenam
660 2243 742 2304 bam,
767 2249 834 2310 puto
857 2239 1010 2310 simpliciter
1035 2243 1173 2314 explican-

107 2315 208 2388 perjuri
224 2315 345 2387 conjugis
362 2314 424 2370 mei.
446 2315 575 2368 Similiter
590 2316 619 2368 in
660 2319 728 2373 dum
748 2336 755 2372 ε
777 2320 834 2371 Vos
860 2317 988 2391 quidem,
1012 2322 1173 2380 Eumenides

108 2395 188 2450 llere.
202 2395 397 2463 Furnatpsst
419 2394 618 2460 -Nuuc,nunc
660 2398 734 2462 desa,
757 2415 853 2451 noram
874 2399 1028 2469 conjugem,
1049 2420 1171 2457 socerum

106 2487 225 2529 eruemus
244 2474 313 2545 regis
330 2473 440 2546 AEgypri
462 2492 546 2527 nurus
566 2472 619 2526 Ad·
660 2492 687 2533 et
699 2477 797 2550 regiam
806 2473 916 2550 stirpem
930 2497 945 2531 e
958 2479 1047 2534 medio
1059 2483 1173 2538 tollatis=

106 2567 170 2608 este.
183 2554 355 2608 --Ultn'oes
368 2551 544 2617 Eumenides,
560 2555 619 2606 Pus·
661 2571 687 2612 st
711 2556 779 2610 mibi
799 2555 956 2622 concedite,
986 2571 1016 2613 ut
1041 2559 1174 2634 imprecer

105 2653 165 2701 uss,
185 2647 237 2688 etc.
249 2634 293 2688 cl.
307 2633 414 2688 Hercul.
427 2633 491 2687 Fur.
502 2651 540 2687 rs.
556 2651 619 2699 ror,
652 2655 758 2710 ,sponso
769 2637 883 2703 malum,
893 2637 1008 2709 simplici
1019 2654 1173 2713 mortegru.

106 2727 132 2768 et
146 2713 184 2768 ibi
200 2726 301 2767 notum.
660 2719 720 2772 rius
733 2715 806 2787 quotl
821 2716 872 2770 sit:
885 2717 973 2782 vivat,
987 2731 1038 2772 etc.
1053 2745 1064 2767 ·
1079 2723 1172 2776 Ambi-

150 2800 196 2858 14.
211 2793 308 2847 Criarnt
319 2793 406 2845 solutis
418 2792 552 2866 squalida,
567 2805 617 2846 etc.
659 2797 746 2868 gnitss
760 2796 789 2848 in
802 2796 885 2848 verbo
895 2797 971 2858 dandi
976 2836 984 2861 ,
998 2797 1072 2869 quod
1082 2800 1127 2854 bic
1140 2820 1173 2856 ex

103 2873 148 2928 Eu
169 2871 292 2927 habitum
310 2892 364 2944 qno
381 2873 469 2926 Furia
489 2870 619 2944 depinge·
660 2876 752 2949 priore
764 2892 840 2928 versu
859 2876 935 2929 tueite
954 2878 1111 2947 repetitum,
1131 2901 1174 2932 ee.

103 2953 209 3007 buntur
227 2970 235 3004 r
256 2952 365 3016 vetulas,
389 2965 469 3024 eaput
490 2952 619 3023 anguibus
660 2959 726 3009 utam
739 2952 829 3017 derb,
840 2953 895 3007 sive
907 2955 1063 3018 eoacdmdr',
1074 2957 1172 3028 signifi.

102 3051 156 3104 pro
168 3031 308 3104 ¹capillitio
326 3032 433 3097 cinctae,
450 3032 619 3103 sanguineam
660 3035 791 3088 cunonem
809 3033 932 3087 involuit.
949 3033 992 3087 Sic
1008 3053 1095 3108 neque
1111 3057 1171 3109 ps..

102 3131 188 3166 uranu
202 3112 286 3166 lucem
298 3123 427 3183 gestantes
435 3125 463 3165 et
475 3109 619 3181 flagellum.
662 3113 722 3167 simi
744 3111 841 3165 ominis
861 3112 953 3178 luerit,
972 3112 1009 3166 ita
1030 3116 1173 3189 concipere

102 3191 215 3246 Primus
237 3191 290 3244 illis
308 3190 449 3260 AEscbylus
465 3209 564 3262 ungues
581 3202 621 3244 nt·
660 3211 767 3267 preces,
783 3190 843 3245 date
860 3191 927 3246 mihi
947 3193 1066 3262 malum
1088 3214 1171 3268 quum

100 3271 220 3335 tribuit,
234 3289 294 3324 mox
308 3270 404 3324 ruteni.
422 3270 518 3324 Catull.
530 3269 619 3324 Curru.
661 3288 716 3327 non
731 3272 771 3324 sui
783 3282 922 3344 respectu,
938 3271 985 3325 sed
995 3273 1113 3342 laconis,
1129 3279 1173 3331 cui

101 3370 183 3409 ηπ,
198 3369 237 3404 rs.
251 3349 304 3421 193
317 3345 394 3413 (nost.
407 3347 449 3402 ed.
463 3368 522 3420 pag.
537 3346 618 3419 abplt
661 3351 804 3416 malevult,
819 3349 846 3404 id
858 3363 981 3424 precetur
990 3352 1092 3410 Medea.
1105 3356 1174 3410 Sim·

102 3429 310 3490 «Eumenides.
324 3429 422 3502 quibus
434 3430 564 3500 snguineo
578 3448 620 3482 re·
636 3437 640 3443 '
662 3431 758 3505 plicior
772 3442 861 3483 tumen
876 3431 956 3484 uobis
968 3431 1075 3486 ridetur
1090 3435 1173 3491 Bade-

98 3510 202 3565 (limita
232 3509 328 3582 eupillo
351 3509 436 3561 Frons
459 3509 620 3581 exspirantes
661 3509 952 3581 uiiinterpretatio,qui
964 3512 992 3565 sl
1001 3523 1037 3564 est
1046 3514 1173 3570 omissum

96 3601 257 3662 praeportat
268 3589 382 3660 pectoris
393 3587 452 3640 irus.
463 3613 474 3635 ι
662 3590 743 3644 luisse
754 3600 844 3659 putat,
866 3607 914 3660 per
928 3589 1030 3662 ellipsin
1045 3594 1106 3647 satis
1119 3596 1172 3649 fre·

146 3673 200 3723 16.
216 3667 343 3721 Ylmlaun's
359 3667 478 3733 lonidoe,
495 3680 546 3722 etc.
563 3667 620 3720 Nu·
663 3681 806 3741 quenteot,
826 3667 862 3721 its
872 3680 902 3721 ut
912 3687 1002 3724 seusus
1011 3671 1063 3725 sit:
1082 3699 1094 3721 ι
1106 3675 1172 3728 mihi

95 3750 169 3820 ptiis
185 3747 293 3802 infausti
307 3747 392 3800 esitus
407 3747 488 3800 surius
502 3759 622 3801 statuunt
664 3763 719 3813 est,
729 3749 813 3800 habeo
823 3749 899 3819 pejus
908 3748 1025 3821 aliquid,
1038 3765 1088 3806 etc.
1100 3779 1112 3800 ·
1129 3755 1173 3808 Sic

92 3827 230 3899 auspices
237 3840 264 3880 et
271 3825 500 3898 pronubasorid.
508 3826 620 3899 Hypsip.
665 3829 693 3882 in
708 3831 802 3898 Agant.
813 3846 850 3881 rs.
864 3847 937 3899 970:
956 3855 968 3877 ι
979 3830 1055 3883 iusta
1067 3834 1173 3903 parenti

92 3927 138 3961 vs.
156 3907 201 3971 45
216 3925 224 3958 t
237 3933 249 3954 ι
263 3907 330 3959 Nam
343 3906 408 3960 mibi
419 3907 562 3972 necJuno,
573 3924 621 3960 uec
664 3908 740 3972 satis,
755 3907 862 3961 atirstae
873 3926 977 3980 parum.
988 3908 1069 3963 -viu
1080 3911 1171 3965 Anim.

91 3989 235 4060 Hymen,
246 3984 292 4039 sed
303 3985 388 4040 tristis
397 3985 513 4058 Erinnys
523 3987 623 4040 Pratu-
709 4005 755 4042 st.
771 3989 859 4042 lacerti
873 3987 946 4053 laris,
965 3986 1034 4042 seclis
1051 3988 1175 4055 ineerta,

90 4067 129 4120 lit
145 4066 492 4138 infaustssssuguinoleuta
504 4083 618 4121 contus.-
666 4065 832 4121 domicilium
847 4079 948 4120 certum
969 4085 1101 4138 nusquam
1125 4068 1173 4122 bs·

143 4145 622 4218 17.Conjuginoroe,uempeCrausto.
666 4148 738 4202 bens.

182 4243 236 4310 ll.
1037 4240 1082 4311 23
