3042 5156
336 519 407 567 ooo
626 499 666 564 L.
692 495 869 568 ANNAEI
895 495 1112 568 SENECAE

380 622 421 690 lu
440 622 578 690 Tartara
597 620 663 688 ime
678 673 689 708 ,
707 634 817 690 rector
836 617 1055 704 umbrarum,
1071 643 1153 716 rape

377 732 482 799 Retro
499 754 646 800 reversas
662 729 792 825 generis
812 755 852 802 ac
869 731 982 826 stirpis
1004 731 1101 800 vices.

381 841 579 935 Congerite‚
598 842 702 928 cives,
722 866 798 910 saxa
818 843 852 910 in
875 841 1051 912 infandum
1072 855 1184 937 eaput.

381 953 527 1020 Mactate
547 949 633 1020 telis.
656 953 713 1021 Me
730 966 823 1047 petat
844 950 933 1021 ferro
956 975 1094 1046 parens,
1142 1007 1151 1022 .

381 1062 440 1130 Me
458 1075 568 1130 natus.
586 1063 627 1130 In
647 1087 701 1131 me
718 1062 878 1158 conjuges
896 1077 1029 1136 arment
1045 1087 1182 1152 manus,

382 1175 596 1266 Fratresque;
612 1186 648 1241 et
664 1197 752 1268 aeger
769 1171 913 1268 populus
933 1187 1065 1268 ereptos
1084 1173 1173 1268 rogis

382 1279 553 1351 iaculetur
574 1283 677 1377 ignes.
700 1281 811 1355 Seculi
827 1285 954 1353 crimen
976 1307 1100 1378 vagor,

386 1390 512 1462 Odium
533 1391 689 1482 deorum,
702 1392 790 1488 juris
807 1394 946 1463 exitium
965 1393 1072 1481 sucri3
1096 1379 1099 1387 ’

387 1503 465 1592 Qua
483 1499 556 1572 luce
574 1501 721 1598 primum
743 1503 879 1599 spiritus
901 1503 996 1573 hausi
1015 1501 1134 1592 rudes,

386 1613 460 1688 Jruu
478 1627 586 1682 morte
601 1612 735 1708 dignust
752 1613 868 1684 Redde
881 1639 973 1684 uuuc
987 1613 1134 1700 animos,
1153 1636 1284 1707 parens.

382 1722 484 1790 Nunc
502 1720 629 1816 aliquid
648 1723 734 1792 aude
752 1721 932 1794 sceleribus
950 1724 1090 1819 dignum
1110 1723 1187 1793 tuis.

384 1835 418 1918 Ι,
437 1855 553 1926 perge,
574 1857 719 1929 propero
737 1835 863 1933 regiam
883 1859 997 1930 gressu
1016 1847 1100 1929 pete.
1373 1853 1412 1894 ⁸⁸·

387 1944 530 2012 Gratare
551 1943 650 2012 matri
669 1941 780 2014 liberis
802 1958 936 2015 auctam
952 1943 1103 2013 domum.

340 2129 411 2203 apud
422 2131 622 2197 Veteres,recti
637 2132 785 2188 necessitas.
798 2134 851 2187 Ne·
893 2136 1006 2206 jugum,
1030 2131 1143 2186 frenum
1162 2129 1225 2202 jura
1245 2128 1411 2184 violaverim.

341 2229 385 2264 mo
395 2211 467 2264 enim
479 2211 609 2265 insontem
624 2231 652 2265 se
662 2213 853 2279 arbitrabatur,
938 2217 1004 2284 874.
1013 2211 1105 2281 AEgrr,
1114 2222 1188 2280 peste
1197 2209 1321 2262 lsbonns
1331 2227 1412 2280 quem

341 2290 420 2344 etiem
435 2310 518 2363 quum
537 2292 635 2344 scelera
647 2311 700 2345 non
717 2293 769 2346 nisi
782 2293 853 2345 inri-
895 2310 984 2346 meum
997 2290 1134 2345 suscitavit
1150 2289 1233 2343 nesus.
1245 2319 1285 2331 -
1305 2289 1412 2358 Emptos

341 2381 382 2422 tus
393 2369 543 2433 admiserat,
554 2383 582 2422 et
593 2371 643 2424 sibi
651 2370 708 2442 ipss
717 2389 855 2426 exsecren-
896 2375 962 2442 rogis
976 2368 1119 2441 ignesvid.
1127 2387 1185 2440 sup.
1199 2387 1239 2422 ss.
1256 2367 1322 2434 ⁵50,
1334 2381 1392 2422 not.

342 2447 392 2502 dus
402 2447 508 2503 videtur
518 2447 655 2519 oudipus,
669 2463 695 2503 et
705 2450 796 2504 divino
806 2452 855 2504 bu·
938 2450 1004 2522 875.
1020 2451 1101 2504 Seculs'
1121 2451 1218 2502 crimes.
1242 2449 1303 2502 AEvi
1325 2447 1412 2501 nostri

341 2546 474 2600 urensque
484 2539 693 2599 pretergressus.
705 2531 755 2583 Ille
766 2542 853 2584 sutem
897 2529 1013 2585 dedecus
1024 2543 1050 2583 et
1063 2527 1250 2601 opprobrium.

341 2607 440 2661 horror
453 2625 532 2678 quens
551 2605 586 2660 de
599 2625 627 2660 se
643 2607 700 2680 ipse
716 2610 854 2681 concepit,
940 2613 1007 2682 876.
1020 2609 1089 2662 luris
1103 2611 1285 2662 aisiumserrr'.
1302 2607 1369 2678 Ego.
1384 2606 1414 2658 in

341 2687 458 2740 maxims
471 2683 615 2740 formidine
626 2699 786 2758 spectatores
794 2708 856 2762 per·
878 2710 955 2765 ‚quo
974 2702 1001 2744 et
1014 2707 1064 2761 per
1080 2706 1159 2762 quem
1178 2687 1310 2740 abolitum
1326 2698 1366 2740 est
1386 2698 1415 2740 et

342 2763 456 2820 sundere
464 2765 565 2820 debuit.
582 2799 622 2810 -
640 2768 856 2840 Tenedrorumpo·
897 2771 972 2844 qussi
994 2769 1111 2822 excisum
1136 2767 1187 2822 tuit
1204 2768 1247 2839 jus
1269 2783 1349 2820 omne
1373 2784 1415 2818 ss-

346 2857 410 2909 rens,
426 2845 514 2900 Pluto.
898 2869 983 2904 mm.
1002 2881 1042 2892 -
1062 2847 1193 2920 Apposite
1212 2847 1312 2902 Luoeu.
1329 2846 1415 2912 vm,

384 2927 445 2998 870.
460 2927 536 2978 Retro
544 2945 659 2987 murras,
669 2939 718 2981 etc.
729 2927 793 2994 Me,
810 2929 855 3000 qui
901 2935 956 2994 4¹⁰
968 2947 1007 3000 sq.
1024 2955 1035 2976 ι
1082 2928 1125 2980 rui
1137 2927 1175 2980 tu
1190 2927 1303 2998 implere
1318 2944 1417 2996 peren·

343 3004 469 3058 adversus
479 3017 580 3059 nature
594 3007 681 3078 leges,
697 3027 756 3061 sum
770 3026 856 3061 rever·
898 3022 967 3074 tem,
983 3005 1058 3075 Quid
1069 3025 1129 3060 rear
1138 3024 1192 3060 esse
1204 3007 1293 3060 nefas?
1311 3029 1323 3052 ·
1344 3006 1417 3058 Bsn.

343 3105 387 3138 sus
398 3086 425 3139 in
437 3087 554 3158 proprie
565 3087 656 3140 metris
665 3087 856 3158 uterum.Sup.
939 3091 1007 3160 877.
1026 3087 1130 3158 Spiritus
1151 3086 1235 3149 rudes,
1261 3085 1343 3138 vitem
1365 3102 1414 3140 ne·

344 3167 410 3220 638.
429 3199 468 3210 -
483 3165 620 3237 OEdipum
643 3167 742 3236 puriter
761 3167 857 3238 inspre-
899 3181 1031 3232 suentem,
1049 3165 1124 3238 qussi
1138 3165 1298 3218 inchoatam.

344 3258 446 3300 centem
468 3245 572 3300 inducit
593 3259 662 3299 nost.
679 3245 805 3310 Volraire,
827 3245 855 3299 in
941 3250 1006 3318 878.
1021 3247 1129 3304 Parem.
1147 3257 1232 3298 meter
1246 3263 1313 3297 mea.

342 3343 389 3378 sue
401 3324 542 3396 tragoedia
554 3323 611 3378 vid.
622 3337 675 3379 oct.
684 3325 736 3391 lv,
750 3343 855 3379 scenam
940 3329 1005 3398 879.
1013 3325 1086 3380 Nure
1093 3325 1188 3398 aliquid
1195 3325 1266 3378 auda.
1281 3321 1344 3378 Scit.
1354 3341 1420 3376 oon-

342 3423 372 3458 sv
387 3406 525 3476 integrum.
604 3457 606 3462 ,
900 3405 1097 3460 sciscendotibi
1111 3417 1277 3458 mortem.-
1285 3401 1418 3472 Seeldig.

384 3489 451 3558 871.
469 3485 592 3538 Parem...
605 3484 857 3556 uatus.1ntellipitur
900 3491 964 3551 tuis,
981 3504 1059 3557 supp.
1073 3482 1219 3556 expiandis.

342 3564 456 3636 quilibet
465 3577 550 3635 peter,
564 3565 675 3636 quilibet
690 3575 775 3618 nutus.
943 3569 1005 3620 880.
1020 3565 1035 3618 1
1039 3603 1047 3628 ,
1057 3583 1141 3635 perge.
1157 3562 1290 3634 seipsum
1302 3561 1420 3636 ulloqui·

386 3645 452 3713 ⁸7²·
465 3643 573 3696 Mortale
586 3645 648 3697 telis.
662 3643 696 3698 Η.
714 3663 738 3698 e.
755 3644 856 3698 interli-
900 3657 944 3698 tur
960 3643 1106 3716 obripui,
1124 3642 1189 3697 dum
1207 3661 1277 3697 vers.
1297 3639 1418 3714 prored.

343 3722 403 3777 cite.
419 3723 510 3776 Attius
521 3722 548 3774 in
562 3723 754 3778 Antenoridis:
776 3746 787 3768 ι
803 3727 856 3776 Aut
898 3726 1039 3779 Jocusum.

343 3803 419 3856 nevis
431 3818 521 3866 urum,
535 3815 580 3856 sut
593 3814 676 3856 cestre
690 3804 810 3857 mactabo
826 3804 854 3856 in
940 3806 1007 3861 ser.
1021 3803 1115 3856 Liberis
1129 3814 1225 3856 surram
1245 3800 1349 3855 domm
1365 3799 1420 3853 ob

344 3899 424 3936 more.
437 3907 449 3928 ι
463 3882 645 3934 Binum-Iu
661 3902 715 3947 me,
734 3883 782 3953 qui
797 3901 855 3934 om·
900 3881 1010 3938 domum
1027 3895 1130 3938 suetum
1142 3881 1235 3940 liberis
1247 3899 1263 3940 a
1274 3893 1300 3940 te
1312 3880 1368 3944 lilio
1384 3897 1424 3934 ex

343 3963 417 4023 nium
432 3974 591 4032 parentum,
610 3961 773 4027 liberorum,
792 3981 855 4014 con·
901 3976 994 4018 matre.
1007 3961 1093 4022 Pseu.
