3058 5164
341 534 411 630 296
640 535 679 602 n.
705 533 879 602 sunm
904 531 1109 601 sennen

395 766 635 848 ULYSSES‚
662 765 1040 848 ANDROMACHA,
1066 764 1353 835 ASTYANAX.

388 1008 445 1054 un.
473 983 591 1054 Matris
612 980 746 1074 quidem
768 1005 821 1049 me
842 1005 965 1050 moeror
984 983 1133 1050 attonite
1154 997 1283 1052 movete

388 1093 500 1188 Magis
519 1090 662 1186 Pelasgae
688 1115 742 1160 me
764 1104 874 1160 umen
896 1105 1017 1160 matres
1035 1106 1186 1181 movent,

388 1203 541 1293 Quarum
561 1203 622 1270 iste
643 1219 781 1294 magnos
803 1200 920 1270 crescit
940 1201 975 1268 in
998 1197 1109 1268 luctus
1130 1225 1224 1295 puer.

391 1337 496 1384 sunu.
519 1316 573 1382 An
595 1311 655 1380 has
673 1311 786 1378 ruinas
804 1310 896 1379 urbis
919 1310 953 1378 in
975 1311 1119 1379 cinerem
1137 1311 1231 1382 datas
1363 1337 1398 1388 ⁷⁴⁰

391 1425 455 1493 Hic
473 1420 657 1492 excitabit?
673 1421 724 1489 hae
740 1443 858 1490 munus
875 1419 1011 1512 Trojam
1031 1421 1185 1514 erigent?

376 1530 511 1602 Nullas
531 1531 632 1599 habet
650 1553 725 1622 spes
740 1527 862 1622 ijs,
881 1529 907 1598 si
925 1526 1006 1598 tales
1029 1528 1139 1599 habet.
1219 1577 1221 1584 -

393 1641 471 1709 Non
487 1641 534 1710 sic
548 1635 695 1732 jacemus
710 1640 832 1723 Troes,
855 1653 893 1706 ut
908 1639 1063 1732 cuiquam
1082 1653 1189 1708 metus

394 1752 564 1820 Pessimus
582 1773 650 1818 esse
665 1775 673 1816 :
691 1747 826 1842 spiritus
843 1748 975 1842 genitor
991 1745 1092 1817 feeit?

394 1859 458 1928 Sed
477 1883 596 1954 nempe
612 1873 738 1928 tractus
755 1883 763 1926 :
783 1857 853 1951 ipse
869 1871 944 1951 post
960 1858 1095 1951 Trojam
1114 1873 1210 1951 peter

392 1970 559 2041 Posuisset
579 1969 726 2052 animos,
745 1990 864 2060 magna
881 1991 965 2062 quos
986 1966 1145 2062 frangunt
1162 1967 1260 2038 mela.

394 2080 429 2148 Si
446 2104 544 2174 poene
563 2078 704 2172 petitur,
721 2101 794 2170 quae
813 2078 881 2172 peti
905 2077 1036 2170 gravior
1058 2075 1192 2170 potest?

394 2189 568 2258 Famulare
590 2186 676 2256 coilo
697 2186 801 2255 nobili
824 2185 938 2254 subeat
956 2186 1087 2279 jugum.

395 2301 523 2368 Srrvire
546 2297 665 2366 liceat:
687 2295 807 2390 uliquis
828 2295 892 2363 hoc
912 2295 979 2388 regi
1000 2292 1121 2388 negat?

396 2433 453 2478 un.
473 2411 549 2478 Non
565 2405 630 2474 hoc
647 2403 797 2498 Ulysses‚
811 2405 868 2473 sed
886 2419 983 2497 neget
1002 2400 1143 2474 Calchas
1162 2403 1233 2472 tibi.
1368 2427 1402 2478 γε,

395 2541 505 2589 erun.
525 2521 556 2587 Ο
572 2515 782 2583 machinator
800 2514 946 2602 fraudis‚'
958 2539 979 2582 o
996 2511 1158 2582 scelerum
1175 2512 1312 2602 artifex,

395 2629 530 2694 Virtute
548 2625 642 2716 cujus
660 2621 779 2692 bellica
797 2647 897 2692 nemo
915 2621 1055 2708 occidit,

388 2811 448 2864 Act.
463 2810 518 2873 nt,
535 2828 571 2862 sc.
583 2827 616 2862 ιι.
630 2808 758 2862 Precibus
771 2809 854 2860 mines
898 2808 1122 2878 ciem—Legunt
1131 2805 1406 2874 niiisraetus,sednlte·

350 2903 376 2942 et
388 2888 560 2944 diremisset
569 2886 768 2954 Andromache,
779 2887 857 2957 Ulys-
901 2905 961 2940 rum
976 2899 1015 2938 cet
1028 2885 1195 2940 invidiosius.
1208 2887 1315 2940 Brun.
1332 2941 1336 2950 ,

349 2987 403 3024 ecrn
415 2987 507 3030 omne,
521 2985 570 3021 nec
581 2985 700 3020 exorans.
832 2999 836 3022 t
945 2969 1012 3036 746.
1025 2967 1145 3030 Animos,
1163 2984 1252 3035 magna
1272 2985 1346 3038 quos,
1358 2979 1407 3020 etc.

393 3047 458 3118 737.
464 3048 684 3112 Attonitoe.Qnsm
693 3063 791 3098 moeror
802 3063 859 3115 per·
902 3045 954 3098 Hic
967 3047 1067 3106 animos,
1078 3063 1154 3100 sensu
1165 3044 1323 3114 genereiiter
1331 3045 1409 3099 eumi-

352 3127 436 3190 culit‚
450 3126 522 3197 quusi
537 3127 593 3178 ictu
611 3124 739 3178 fulminis.
903 3133 957 3187 tur,
970 3121 1226 3193 fortitudinemque
1238 3124 1312 3178 maiis
1322 3125 1410 3178 nimiis

390 3211 458 3277 7⁴¹·
471 3205 538 3268 Hic,
553 3205 653 3269 iniens,
665 3203 778 3275 puellus.
904 3201 971 3256 victe
982 3201 1061 3256 cedit.

391 3293 457 3354 74²·
473 3283 557 3347 Tales,
569 3295 622 3334 tem
636 3299 749 3347 merres,
758 3283 857 3340 lenter,
945 3289 1012 3352 747.
1027 3281 1056 3334 Sr'
1063 3301 1134 3352 pecc
1145 3283 1245 3352 petitur.
1261 3281 1289 3335 si
1304 3282 1411 3335 enimus

352 3363 442 3416 exiles.
456 3361 542 3416 Fcere.
903 3360 980 3414 vebis
994 3371 1088 3425 est‚ut
1100 3379 1114 3412 c
1126 3362 1240 3430 puerulo
1252 3379 1355 3432 poenrm
1366 3379 1413 3414 re-

393 3443 459 3512 743.
469 3440 527 3493 Non
538 3439 764 3510 sicjacemru.Nou
775 3449 861 3491 estre·
904 3440 1009 3510 petetis.
1020 3468 1060 3482 -
1072 3439 1187 3505 Gravior,
1197 3458 1275 3511 quam
1288 3459 1347 3512 que
1361 3441 1413 3493 hc-

350 3539 383 3592 με
397 3532 450 3573 tem
464 3539 557 3590 perum
572 3517 717 3590 desperctc.
901 3515 944 3570 dic
959 3519 998 3572 itti
1015 3519 1133 3572 incubet.

393 3604 459 3669 7⁴4·
473 3597 577 3668 Spiritus
588 3601 684 3668 genitor
688 3599 777 3664 sacr'tr’
788 3597 857 3650 Pre-
943 3599 1010 3668 748.
1021 3597 1256 3668 Famuimjrrgrm.
1272 3597 1417 3652 Serritntie

349 3679 424 3730 venit
438 3695 467 3729 ec
478 3695 537 3748 quse
550 3677 653 3749 possint
666 3675 745 3748 objici
759 3697 765 3728 :
779 3695 812 3729 en
827 3675 858 3728 ti·
901 3694 977 3729 onus.
990 3709 1031 3718 -
1041 3675 1150 3738 Smin,
1166 3694 1271 3730 servum
1285 3695 1349 3730 cece.
1368 3677 1418 3730 An

350 3757 427 3808 metis
448 3774 482 3808 nc
503 3756 631 3810 memoria
652 3757 734 3826 patris
754 3755 794 3807 itti
816 3773 858 3808 su·
899 3754 951 3808 hoc
965 3755 1037 3826 regi,
1052 3755 1236 3828 regiopnero,
1254 3755 1418 3826 negabitur?

349 3833 468 3904 perbicm
492 3848 517 3888 et
538 3833 682 3888 ulciscendi
703 3831 855 3903 cupidinem
941 3833 1005 3904 750.
1023 3833 1141 3900 Caletos,
1156 3835 1288 3906 interpres
1298 3829 1441 3890 oraculis

349 3913 469 3984 injiciet?
484 3911 835 3976 transmutantem.
941 3913 1008 3983 7⁵¹·
1027 3913 1052 3967 0
1066 3914 1216 3966 machinator
1227 3914 1345 3982 secudu,
1364 3928 1419 3968 etc,

391 3993 457 4063 745.
472 3995 583 4046 Tractus.
598 3989 710 4044 Pedites
722 3992 777 4044 hec
793 4009 855 4062 sup·
900 3991 1044 4064 Deploreta
1056 3992 1145 4046 scintis
1157 4011 1219 4063 spe,
1235 4012 1262 4046 se
1273 3991 1307 4045 ed
1324 3995 1424 4049 convi-

348 4070 421 4140 piicii
443 4071 504 4125 cetis
525 4083 621 4142 potens
640 4082 706 4123 esset
722 4069 755 4122 ed
768 4068 857 4142 depri-
899 4071 940 4124 cie
956 4083 981 4123 et
992 4069 1135 4125 vindictam
1150 4072 1290 4127 convertit.

347 4148 486 4216 mendum,
506 4149 527 4202 si
548 4167 599 4220 qur
623 4161 704 4214 esset,
722 4148 769 4202 fitti
786 4147 854 4201 fero·
942 4147 1005 4220 752.
1016 4149 1093 4204 Nemo
1104 4151 1199 4204 occidte.
1213 4149 1346 4205 Similiter
1361 4153 1423 4208 vir·
