3042 5190
287 555 289 564 ἢ
380 465 427 550 et
683 467 720 534 n.
746 465 916 535 nuum
942 467 1149 538 sannen

430 591 474 658 Et
492 588 570 657 totis
587 585 740 681 jaculum
763 587 870 682 dirige
886 588 1034 676 viribus;

427 703 509 770 Tam
528 698 626 792 longe
640 749 650 784 ‚
666 696 789 766 dociles
807 696 935 792 spicula
954 697 1072 794 ligere,

424 811 503 881 Nou
523 808 656 876 mittent
675 805 831 901 gracilem
852 811 967 877 Cretes
989 809 1198 878 arundiuem.
1409 834 1447 870 ³1⁵

425 926 494 993 Aut
512 921 539 988 si
562 917 625 986 tela
647 915 747 986 modo
769 943 923 1014 spargere
945 921 1103 990 Parthico

428 1037 468 1102 ln
489 1029 605 1100 cotum
624 1027 772 1123 placeat3
794 1027 886 1099 nulla
908 1031 979 1099 sine
1000 1030 1079 1100 alite

424 1140 653 1226 Descenderit,
675 1139 788 1233 tepido
806 1140 929 1209 viscere
949 1142 1108 1211 condita:

419 1251 568 1324 Praedam
587 1249 627 1319 de
651 1249 768 1318 mediis
789 1248 935 1320 nubibus
952 1250 1102 1322 afferent.

424 1364 522 1434 Raris
541 1361 648 1430 forma
672 1361 752 1430 viris
765 1357 898 1454 (secula
920 1363 1095 1457 prospice)

422 1471 593 1567 impunita
610 1469 697 1540 luit:
721 1484 754 1540 te
772 1467 892 1539 melior
910 1473 1004 1540 Deus

420 1586 546 1653 Tutum
566 1595 759 1676 praetereat‚
777 1580 950 1674 formaque
966 1580 1088 1651 nobilis

422 1691 591 1762 Deformis
612 1691 695 1760 senii
717 1689 832 1759 limina
852 1699 1011 1761 transeat.

420 1801 514 1893 Quid
533 1802 620 1870 sinat
638 1802 791 1869 inausum
814 1799 944 1870 feminae
965 1825 1111 1896 praeceps
1130 1797 1246 1869 furor?

419 1909 573 1982 Nefanda
588 1910 703 2003 juveni
723 1910 862 1978 crimina
887 1910 1009 1979 insonti
1032 1925 1137 2005 parat.
1402 1935 1442 1972 os

420 2025 472 2092 En
492 2017 632 2090 scelera!
654 2020 772 2114 quaerit
788 2019 881 2089 crine
900 2018 1043 2088 lacerato
1065 2019 1176 2088 fidem.

419 2134 531 2201 Decus
550 2153 649 2198 omne
668 2129 782 2198 turbat
803 2130 939 2224 capitis,
960 2130 1133 2200 humectat
1153 2153 1265 2225 genas.

418 2241 602 2310 instruitur
621 2239 730 2306 omnis
750 2238 868 2308 fraude
885 2239 1028 2309 feminea
1046 2237 1153 2309 dolus.

419 2351 483 2420 Sed
504 2351 566 2420 iste
583 2349 737 2441 quisnam
757 2364 824 2434 est,
844 2351 972 2443 regium
991 2352 1026 2418 in
1046 2350 1141 2420 vultu
1161 2351 1261 2422 decus

419 2461 567 2543 Gerenn,
584 2469 618 2526 et
637 2454 705 2525 alto
726 2458 848 2526 vertice
865 2457 1020 2530 attollens
1033 2460 1155 2556 caput?
1398 2487 1439 2528 u.

409 2665 475 2717 816.
490 2659 566 2715 Modo
578 2659 703 2712 Parthico.
722 2658 800 2712 More
819 2659 882 2712 Per·
926 2671 953 2714 et
973 2659 1001 2714 id
1024 2659 1148 2734 quidem,
1168 2660 1291 2731 impone,
1315 2675 1346 2716 nt
1364 2661 1440 2718 dixit

369 2745 487 2806 thorum,
501 2741 547 2814 qni
560 2737 668 2792 alitibus
681 2738 814 2811 precipue
824 2737 881 2792 bel·
924 2759 962 2794 ve.
979 2743 1044 2795 ilar.
1062 2740 1126 2795 vtd.
1143 2753 1230 2794 ceter.
1248 2740 1282 2796 de
1304 2741 1356 2796 hoe
1372 2743 1438 2798 looo

368 2825 425 2878 lum
438 2823 568 2876 inierunt.
924 2819 1179 2874 Animadvenionee.

408 2907 475 2972 817.
487 2901 565 2955 Nulla
572 2936 580 2962 ,
595 2897 655 2951 tela.
963 2901 1031 2964 824.
1039 2901 1111 2954 Sient
1120 2905 1235 2954 inausum.
1243 2901 1385 2973 Relinquat
1392 2903 1439 2956 in·

408 2977 878 3052 8rB.Tepldoaiseernnlicnjueelitie.
922 2980 1219 3034 tentatum-Feminae.
1230 2979 1363 3047 Phaedram
1381 3001 1435 3036 nee

409 3059 591 3132 819.Proedum
598 3059 711 3126 afferem.
720 3057 874 3113 sucTheb.
921 3059 1040 3113 absolute
1053 3059 1154 3112 dictum
1169 3071 1216 3113 eet.

367 3143 408 3208 X,
428 3140 604 3212 747‚citante
618 3136 753 3190 Bedenio:
773 3138 876 3190 «Νωιο
961 3139 1027 3194 8²5.
1044 3140 1152 3193 Crimina
1170 3151 1254 3210 parnt.
1278 3141 1433 3194 Accusatio-

364 3221 478 3292 jaoulum
486 3237 593 3272 excusso
604 3229 673 3270 rotat
683 3217 709 3268 in
720 3216 832 3270 sublime
842 3217 876 3270 le·
919 3237 979 3271 nem
995 3219 1114 3273 intentet.

365 3314 454 3364 certo,
469 3299 599 3370 Nullaque
612 3307 741 3348 tectorum
756 3295 828 3349 enbit
839 3297 872 3350 ad
960 3300 1028 3352 826.
1040 3299 1081 3350 En
1093 3299 1182 3350 scelera
1193 3305 1203 3350 Ι
1216 3299 1337 3363 Plautus,
1353 3299 1430 3356 nod.

364 3379 479 3451 lastigie,
492 3395 551 3448 que
567 3394 622 3428 uon
634 3375 739 3442 Deserat
751 3376 821 3428 hasta
833 3381 874 3429 oi·
918 3377 969 3443 tv,
981 3384 1012 3443 4,
1023 3377 1089 3442 134,
1101 3403 1112 3424 ι
1122 3379 1189 3431 Ecce
1202 3378 1281 3450 Gripi
1290 3379 1401 3432 sceleral
1413 3405 1426 3426 ·

364 3479 429 3525 rum,
442 3459 599 3528 perfusaque
613 3453 685 3508 erede
696 3468 824 3508 recurret.
836 3480 847 3501 ι
916 3457 1024 3511 Terent.
1039 3456 1123 3510 Andr.
1136 3476 1173 3511 ve.
1186 3460 1259 3529 787:
1274 3484 1285 3506 ι
1295 3456 1430 3512 Audietiu'

404 3540 467 3592 Bao.
478 3536 638 3603 Borissorma
654 3538 728 3592 vois.
741 3547 791 3588 eto.
807 3535 872 3588 For·
915 3537 1046 3590 obsecro?
1058 3537 1140 3601 ilem,
1150 3537 1270 3590 Scelere!
1289 3538 1363 3590 lianc
1372 3540 1430 3609 jem

363 3618 444 3672 moeie
455 3629 485 3670 ut
497 3614 641 3685 plurimum
652 3615 744 3668 nocuit
759 3634 805 3668 ena
820 3615 872 3668 ior·
916 3629 1021 3688 oportet
1036 3617 1062 3670 in
1073 3616 1219 3670 cruciatum
1229 3617 1293 3671 hinc
1304 3617 1401 3689 abripi.
1412 3644 1425 3666 ι

363 3716 421 3756 ma.
445 3698 473 3750 el
491 3695 537 3766 γὰρ
557 3694 618 3746 πολὺ
636 3694 723 3756 κάλλος
736 3695 778 3748 καὶ
791 3695 870 3766 ψόγων
915 3695 1428 3766 -Qucaritfidemi'ideminceretentat.

363 3783 458 3832 πολλῶν
469 3778 548 3845 γέμει.
562 3773 647 3826 rina.
958 3778 1023 3845 827.
1036 3777 1167 3828 [astruitur
1178 3780 1268 3842 omnis,
1282 3789 1332 3830 etc.
1349 3775 1428 3830 Ordo

402 3857 468 3909 lina.
482 3856 570 3908 Tutum
582 3864 719 3924 pretereat.
737 3854 871 3906 intactum
916 3866 971 3908 eet:
983 3854 1078 3908 Omnis
1091 3855 1168 3909 dolue
1180 3856 1319 3910 instruitur
1332 3855 1429 3911 frende

362 3936 476 3991 omittet.
915 3933 1037 3987 leminea.
1066 3936 1100 3989 Et
1126 3935 1257 4007 intellige,
1284 3934 1429 4007 Quidquid

402 4017 469 4072 aas.
483 4014 605 4081 Desomr'r
617 4015 677 4063 senii
690 4013 774 4064 limina
792 4025 871 4064 tmus-
916 4012 972 4067 doli
993 4027 1045 4080 est,
1069 4015 1106 4066 ibi
1134 4013 1255 4070 inudem
1282 4016 1428 4072 femineum

359 4107 408 4149 eat.
419 4096 505 4150 Trnne
519 4091 611 4148 limine
627 4090 693 4144 senii
710 4091 870 4162 porrigatur,
915 4111 1020 4165 temper
1033 4093 1159 4148 invenies.
