3042 5156
369 507 900 578 ANIMADVERSIONES.
1098 505 1167 578 015

104 639 171 693 datu
185 637 341 700 licinium,
356 636 469 690 tet-bum
482 649 521 692 eat
540 655 595 709 quo
611 649 681 692 ataat
693 637 826 709 eleganter
839 637 879 690 uti
894 637 993 692 Seneca
1006 655 1014 689 ε
1029 647 1056 690 et
1068 640 1169 710 oggerit

105 719 235 790 exempla.
248 719 289 770 De
302 718 361 782 Ira,
374 717 430 780 111,
444 715 474 781 33
494 715 529 770 de
540 717 655 772 Benefio.
669 719 713 782 11,
739 717 867 788 1732pp.
882 715 929 781 5ι,
945 717 980 771 55
991 735 999 782 3
1010 717 1168 782 Quintilian.

107 800 259 852 inruont.
275 797 349 860 v11,
363 803 398 860 43
412 809 437 848 et
452 795 567 867 deniqne
582 798 719 862 Lacenae,
733 799 776 861 11,
796 815 826 852 ut
844 816 852 850 ε
874 823 884 844 ι
898 798 1086 869 manifestaque
1103 797 1168 852 belli

110 877 188 950 Signa
202 877 277 930 dedit
292 875 424 936 mundus,
437 889 486 928 etc.
504 875 657 949 indixitque
668 879 749 930 nolae.
763 903 773 922 ι

149 961 193 1011 18.
206 956 322 1028 Aliquod.
333 953 433 1020 Quidd.
449 955 523 1008 aliod.
538 957 581 1009 Sic
597 958 654 1010 MS.
669 955 756 1026 6377,
768 967 798 1008 ut
811 971 896 1008 uuum
909 955 1027 1009 citemus.

148 1045 193 1101 04.
206 1039 296 1089 Porum
312 1033 443 1104 ipaefideus
454 1037 559 1087 mileimet
570 1040 595 1088 iu
610 1049 662 1089 tuto
675 1047 726 1089 ltro.
740 1035 796 1088 MS.
810 1035 892 1100 8055,
910 1035 1004 1090 -Parvi
1019 1030 1075 1106 ipse
1089 1037 1169 1090 anihi-

108 1131 162 1169 tnet
172 1117 200 1168 in
215 1128 271 1168 tuto
287 1127 362 1168 tua.-
382 1115 426 1168 Sic
437 1127 462 1167 et
475 1115 558 1184 8037,
568 1116 667 1189 ubsque
676 1116 730 1168 ullo
745 1134 831 1168 seusu.

147 1195 190 1248 3ο.
204 1195 293 1265 Strage
304 1207 352 1246 tatu
364 1194 423 1249 lale.
436 1193 493 1248 MS.
510 1197 597 1264 6377,
612 1209 656 1248 atr.
668 1216 720 1248 cum
733 1195 777 1246 lul.

146 1274 192 1339 31.
207 1275 336 1328 Incolumis
355 1275 433 1327 adsto.
454 1274 497 1328 Sic
515 1275 600 1328 Ortel.
620 1275 741 1346 aLipaio
756 1287 782 1328 ct
801 1273 962 1346 Rapheleng.
978 1285 1128 1339 mutuatus,
1142 1283 1169 1326 et

108 1351 159 1406 duo
170 1355 236 1408 Pali.
249 1354 371 1424 Reliqui,
383 1359 430 1407 ine.
441 1373 513 1424 ergo,·
523 1358 569 1407 irre.
582 1355 721 1425 ego5iucol.
737 1375 787 1408 oro.
801 1355 870 1406 Mire
882 1354 966 1407 Gron.
985 1380 996 1401 ι
1006 1353 1069 1406 liceo
1081 1353 1172 1406 omnia

109 1445 290 1504 provenerunt
311 1435 344 1486 ab
363 1433 518 1488 horninibus
529 1447 713 1506 tenerentque
728 1433 834 1488 indocte
845 1433 1030 1505 supplentibus
1040 1431 1112 1504 quod
1124 1433 1170 1488 de-

108 1511 169 1568 erat'.
183 1514 290 1567 Deiriuu
302 1514 429 1584 conjicit:
450 1540 461 1561 ι
471 1515 556 1568 Inool.
569 1533 633 1586 ergo
647 1525 676 1568 tu
688 1514 757 1568 licet.
772 1539 783 1560 ι
796 1512 874 1567 Grut.
896 1513 972 1568 Incol.
992 1533 1055 1566 erro.
1072 1513 1169 1566 Melior

108 1593 177 1646 natio
188 1605 215 1646 et
228 1594 365 1646 vetustatis
377 1594 541 1646 reverentior
552 1594 669 1666 relegant
683 1596 710 1647 τὸ
724 1593 821 1650 seilicet,
836 1611 993 1664 versumque
1003 1594 1101 1646 hubent
1113 1611 1173 1646 cut·-

108 1685 175 1738 turn,
193 1699 204 1720 ·
219 1673 305 1726 Inool.
319 1691 382 1742 ergo
394 1685 422 1724 tu
436 1673 528 1726 Phoebi
541 1691 612 1728 aeua.
625 1699 636 1720 ι
655 1673 780 1726 Deiectus
796 1673 823 1726 in
835 1671 912 1725 libria
922 1673 1000 1726 etiam
1019 1672 1169 1742 autiquiaci·

106 1751 154 1804 tuis
175 1752 412 1822 aincerierituitque
438 1752 570 1823 irequeua.
592 1753 725 1806 Nimirum
744 1751 887 1806 secundam
911 1769 1002 1804 rocem
1022 1756 1169 1804 hauserunt

107 1831 204 1884 ultimae
219 1831 315 1883 littere
325 1831 397 1883 vocia
413 1831 519 1901 primae,
538 1845 565 1885 et
581 1831 746 1885 scribendum
761 1849 767 1883 :
786 1856 798 1879 ι
813 1831 908 1903 Populi
918 1843 1016 1885 struent
1029 1830 1170 1884 incolumia

107 1915 190 1962 unua?
206 1935 217 1957 ι
234 1911 342 1963 Dictum
354 1908 512 1964 admirando
521 1925 547 1964 et
559 1911 765 1982 interrogando,
778 1929 828 1981 per
842 1907 947 1981 elliptiu
959 1911 1034 1964 verbi
1045 1911 1167 1964 eubatan·

108 1991 161 2042 tivi.
172 1989 259 2054 Dein,
269 2013 280 2034 ι
293 2008 357 2060 ergo
367 2002 395 2042 tu
408 1989 499 2044 Phoebi
515 2009 576 2044 ceua
587 2009 691 2061 tpeaarc
701 2003 813 2062 poterat.
825 2014 836 2036 ι
852 1990 930 2060 Fugit
942 1991 1009 2044 ratio
1021 1989 1107 2042 virum
1119 1987 1169 2042 do·

106 2068 269 2136 crucinam,
286 2087 368 2140 quutu
391 2069 446 2122 hec
465 2071 606 2134 acriberet,
622 2071 764 2141 omniaque
781 2069 829 2122 ista
844 2069 964 2140 suppleta
980 2081 1078 2122 temere
1089 2081 1167 2139 atque

107 2147 211 2202 indocte
221 2167 278 2201 cero
288 2149 480 2220 pronuntiaret
492 2149 634 2204 Sententite
645 2149 773 2204 convenit
786 2150 815 2201 ri
829 2148 917 2200 adsto:
928 2166 991 2218 ergo
1001 2159 1100 2200 temere
1112 2165 1168 2202 nou

106 2241 143 2280 eat
152 2227 272 2290 dictum,
290 2227 336 2280 eed
349 2245 400 2280 nee
413 2226 535 2294 indocte3
546 2227 677 2299 aiquideut
691 2229 726 2280 ita
739 2227 815 2299 ioqui
828 2228 911 2280 uolent
923 2227 1020 2298 optimi
1031 2239 1168 2291 auctores,

106 2308 254 2372 prasertim
269 2305 416 2361 dramatici.
433 2308 519 2362 Plaut.
540 2307 662 2362 Aulular.
684 2308 758 2373 465;
779 2307 893 2360 15001011.
909 2306 972 2378 507,
984 2304 1078 2362 Paeud.
1094 2305 1169 2372 8653

104 2385 212 2439 Terent.
227 2385 322 2440 licant.
338 2385 472 2456 96231211.
488 2391 542 2442 606
553 2425 562 2452 ,
572 2398 599 2439 et
609 2387 647 2440 aio
657 2388 760 2457 posim.
775 2387 858 2440 Boura.

146 2465 192 2534 39.
202 2465 255 2519 sed
260 2470 316 2536 igue
324 2467 395 2536 frigit
404 2467 506 2534 aestiferi
521 2467 707 2538 CarrinVulgo,
720 2481 777 2520 tutu
788 2466 817 2518 in
825 2463 904 2520 MSS.
914 2477 970 2520 tutu
983 2466 1012 2518 iu
1022 2463 1085 2518 edd.
1099 2489 1111 2511 ι
1123 2465 1171 2518 aed

104 2545 176 2616 ignee
190 2557 268 2616 auget
281 2546 386 2600 aettit'eri
399 2547 488 2600 Canis.
499 2571 510 2593 ι
529 2552 563 2600 At
574 2547 645 2600 Flor.
658 2549 714 2616 lgm
722 2547 818 2616 stiget,
833 2545 862 2598 in
874 2564 942 2616 quo,
952 2545 994 2598 vel
1010 2546 1066 2614 ique
1071 2545 1166 2612 firtel,

102 2624 145 2676 rei
158 2626 214 2693 igue
224 2628 294 2678 seroie
303 2626 422 2696 reperire
433 2627 483 2680 aibt'
497 2625 649 2682 Gronoviua
661 2625 811 2680 videbatur.
824 2624 877 2680 sed
889 2637 960 2678 reete
973 2623 1051 2680 Both.
1064 2635 1090 2676 et
1100 2623 1167 2677 Bad.

102 2707 159 2771 igue
166 2705 245 2773 frigit
254 2743 261 2768 ,
271 2703 302 2758 id
314 2718 364 2768 eat,
376 2717 468 2758 torret.

145 2783 191 2846 43.
205 2785 243 2836 Et
252 2787 326 2853 tingit
340 2789 421 2854 hropi,
436 2787 525 2852 8029,
538 2785 627 2848 8004,
643 2809 655 2832 ι
666 2796 693 2838 et
708 2783 773 2855 tegit
790 2785 846 2853 ipea
859 2781 938 2837 unda.
951 2808 963 2830 ι
980 2781 1023 2835 810
1035 2781 1167 2854 Philolog.

100 2861 164 2916 Seu.
180 2863 288 2934 Gryph.
303 2865 337 2918 Η.
349 2863 419 2918 Petr.
433 2864 547 2918 Fatuab.
559 2864 615 2918 Noe
630 2863 765 2934 aequituur
780 2862 866 2932 liaph.
879 2861 963 2916 Soriv.
973 2861 1093 2915 Gronov.
1104 2862 1164 2931 Bip.

101 2941 181 2996 Both.
193 2941 258 2996 Bad.
269 2943 449 3014 proclamato
460 2942 550 3014 Liprio
562 2961 569 2995 ι
581 2947 634 3016 qais
642 2961 690 2994 trott
698 2936 838 3012 preferat?

142 3021 375 3086 45001000.
390 3023 510 3094 Moguut.
529 3023 586 3078 nub.
602 3041 685 3084 000οῐ
697 3021 768 3078 eolue
782 3038 797 3074 e
809 3018 1056 3084 nominandum,
1074 3021 1165 3088 8009,

99 3101 186 3154 udilo
200 3101 247 3154 dte.
262 3103 329 3155 Dan.
338 3101 460 3154 Heinsius
470 3103 580 3172 corrigit
588 3102 642 3154 nub.
655 3101 728 3167 loce,
742 3099 816 3172 quod
827 3097 971 3154 admodum
983 3098 1084 3169 placuit
1095 3099 1166 3154 Gru·

99 3183 205 3244 novio,
216 3195 243 3236 et
258 3181 320 3236 Nic.
339 3181 457 3235 11010ιί0.
473 3181 529 3234 Noe
544 3181 687 3236 lectionem
703 3181 738 3235 ab
757 3181 881 3236 omnibus
893 3179 1004 3233 omnino
1015 3177 1077 3234 edd.
1090 3196 1164 3232 rece-

97 3274 177 3330 ptam
189 3297 198 3326 ,
209 3271 236 3313 et
248 3262 281 3314 eb
294 3279 349 3314 uno
360 3272 463 3316 tanturn
480 3257 574 3314 codice
584 3262 715 3316 exoluaant
730 3260 849 3330 accipere
857 3258 1005 3314 debuimus.

144 3347 194 3407 49.
207 3340 319 3409 Detreget
329 3342 437 3407 fructum
450 3339 522 3392 Ceres
533 3341 633 3402 adelrat
650 3353 673 3392 el
686 3341 756 3404 allis,
774 3353 823 3393 eto.
835 3339 1005 3410 Dispuuguut
1017 3336 1123 3392 Gruter.
1139 3351 1166 3394 el

97 3419 230 3471 Deir-ius:
247 3447 258 3468 ι
272 3420 340 3472 Den.
357 3421 469 3472 fructum
486 3420 583 3481 Geren
596 3419 685 3474 adulta
698 3431 725 3473 et
740 3419 815 3482 ultio,
828 3431 894 3472 etun
912 3417 1008 3470 Melina
1023 3416 1107 3472 ticum
1129 3431 1167 3472 eet

94 3499 120 3550 ri
136 3498 242 3568 triplici
262 3497 409 3570 adjectivo,
429 3499 529 3563 adalta,
545 3501 630 3569 flava,
649 3500 749 3566 sterilli,
769 3497 944 3550 substantivae
965 3515 1030 3566 aegea
1048 3513 1102 3550 non
1117 3497 1166 3551 fuit

94 3590 239 3632 onaatua.
249 3577 314 3644 Cur,
323 3579 441 3649 insuper,
450 3595 506 3632 uon
520 3579 589 3632 bene
603 3577 747 3642 diceretur,
760 3603 771 3624 ·
783 3577 861 3631 Ceret
874 3575 981 3630 adulto?
994 3601 1006 3623 ι

141 3659 192 3710 50.
210 3659 315 3712 Tretaat.
329 3658 430 3711 Ornnea
441 3657 496 3712 fere
511 3658 587 3712 MSS.
600 3657 686 3727 6377,
700 3657 791 3722 solt,
803 3656 892 3720 8055,
910 3669 935 3710 et
955 3653 1015 3728 edd.
1040 3667 1167 3720 vetuste,

92 3736 301 3790 Ρ1ιὶΙοΙ.5οιίι.
318 3739 389 3790 Petc.
407 3738 492 3808 liaph.
507 3737 564 3807 ipse
583 3738 695 3791 Faruab.
710 3748 807 3788 cremat.
825 3737 880 3790 Nos
900 3748 927 3788 et
937 3734 1129 3790 recentioribua
1140 3746 1167 3788 et

91 3835 188 3882 vert,
202 3816 229 3867 ui
243 3817 368 3880 fallimur,
385 3815 492 3869 lectioni
505 3815 674 3870 adheremue.

140 3897 196 3949 52.
209 3896 262 3948 Nec
273 3895 324 3950 aila
332 3913 391 3965 pars
403 3899 520 3948 immanis.
533 3897 618 3949 Antea
634 3913 689 3950 non
709 3896 794 3959 male,
806 3907 836 3948 ut
848 3895 885 3946 tit
899 3894 1007 3948 Gruter.
1019 3894 1164 3966 legebatur,

93 3978 191 4030 -ran
201 3976 273 4028 nulla
283 3976 359 4046 regni
368 3975 492 4028 immunia
500 3975 580 4029 exitio
589 3990 676 4039 tactu
689 3989 715 4028 et
723 3975 823 4038 omnic,
836 3985 903 4028 etn-
919 3973 970 4028 Sed
981 3985 1167 4045 pretet-exeru-

87 4055 191 4126 plan-ia
204 4073 283 4108 ruanu
295 4051 527 4126 exorata(quorum
539 4056 712 4110 reverentiam
728 4073 776 4110 cur
787 4068 886 4108 temere
897 4054 1027 4126 patiamur
1040 4051 1169 4104 exoleace·

88 4154 124 4188 re
138 4131 189 4198 Ρ),
206 4145 265 4188 nata
276 4135 321 4188 illa
333 4135 415 4188 lectio
424 4175 431 4201 ,
441 4132 513 4206 quod
525 4135 553 4192 iu
567 4135 701 4190 nonnullis
714 4133 792 4190 codd.
805 4135 879 4188 verb.
890 4147 956 4205 grat.
976 4133 1065 4195 8028,
1079 4131 1169 4193 8033,

992 4225 1050 4310 ιιι
