3008 5158
376 528 443 603 ιο6
689 533 742 600 lN
767 533 1123 606 trtPPOLYTUM

412 659 479 726 334,
492 661 556 714 ttoec
569 679 654 731 regna.
673 663 717 715 Sic
737 663 826 732 plures
846 673 872 716 et
892 661 954 716 edd.
969 674 995 714 et
1009 661 1083 714 ttSS.
1098 659 1197 716 Baden.
1214 683 1245 718 ex
1260 661 1435 718 Valckenaer.

372 755 398 796 et
410 755 470 812 post
480 739 540 794 edd.
555 741 670 811 princip⁴
683 761 713 794 nc
726 741 812 814 Lugd·
832 749 916 812 1491,
926 745 1024 811 liereg.
1037 743 1114 794 Both.
1125 742 1180 795 tac.

412 821 477 874 336.
492 821 561 876 Gnse
569 821 707 874 Nereidum.
723 823 867 886 Burmann.
882 821 915 876 ad
928 835 946 876 t.
958 841 991 886 ιι,
1008 822 1117 874 Anthol.
1132 823 1190 876 Lat.
1204 839 1267 892 pag.
1280 822 1349 892 703,
1363 824 1438 888 lorte,

371 901 474 974 inquit,
489 898 702 961 emendandum:
723 928 734 950 ι
748 902 861 955 caerulus
876 901 955 957 undis
967 919 1013 954 rex
1025 899 1151 955 Nereid-
1171 913 1201 953 ut
1210 901 1355 972 Neptunus
1368 903 1439 955 intel·

372 980 487 1050 ligatum
501 999 562 1032 nam
579 981 654 1052 sequi
672 1001 750 1046 mox,
763 1001 838 1050 grege
852 1002 899 1051 pro
922 994 979 1034 toto.
998 979 1048 1034 Sed
1068 983 1143 1052 pejus
1163 982 1322 1050 repetitione
1339 983 1438 1040 malurn

373 1071 412 1112 est
424 1059 561 1131 epitheton
573 1060 696 1132 ignavum
709 1074 734 1114 et
747 1061 835 1127 iners,
846 1063 924 1132 quale
938 1063 1005 1114 loret
1017 1061 1129 1125 caraios,
1139 1059 1161 1114 si
1173 1079 1223 1132 pro
1232 1081 1292 1130 gree
1307 1061 1438 1130 legeretur

373 1159 424 1192 res.
435 1139 540 1192 Binan.

411 1218 548 1288 339-340.
565 1217 594 1270 V
590 1237 627 1270 en.
639 1221 747 1270 instincti
759 1239 783 1290 q.
799 1238 862 1288 mag.
874 1239 902 1290 g.
914 1219 960 1273 Gr.
970 1240 997 1290 p.
1010 1232 1028 1271 t.
1041 1219 1064 1272 i.
1072 1223 1177 1289 juvenci.
1193 1220 1438 1291 Raphelrngianus,

370 1310 425 1352 tres
437 1299 535 1363 Delrii,
554 1317 621 1352 nnus
633 1297 756 1363 Gruteri,
768 1299 863 1352 melior
877 1297 1033 1364 Vossianus,
1045 1297 1162 1369 denique
1175 1299 1348 1354 Florentinus
1359 1340 1366 1362 ,
1379 1326 1390 1347 ι
1400 1319 1441 1352 ve·

370 1396 435 1432 nere
454 1378 594 1432 instinctus
611 1379 720 1450 suscipit
738 1377 822 1432 audax
839 1380 926 1450 Grege
940 1399 990 1450 pro
1009 1392 1063 1432 toto
1077 1379 1147 1448 bella
1158 1383 1296 1450 juvencus.
1308 1404 1319 1426 ι
1341 1383 1377 1434 At
1393 1381 1440 1433 laos

371 1457 488 1512 Grutero
502 1456 622 1530 spurium
634 1471 689 1523 est,
705 1459 824 1528 eritque,
837 1459 939 1530 inquit,
959 1477 1010 1514 nna
1028 1459 1169 1524 omnibus,
1187 1459 1284 1530 quibus
1297 1459 1372 1512 auris
1388 1479 1438 1512 non

371 1539 485 1590 omnino
501 1539 618 1607 agrestis.
634 1538 695 1592 Non
710 1539 796 1608 placet
808 1540 890 1610 magis
903 1539 1010 1592 Botltio.

413 1617 479 1680 343.
494 1619 533 1670 Et
547 1622 640 1687 mugitu
657 1617 718 1670 dant
735 1631 839 1688 concept.
861 1631 910 1672 etc.
928 1616 1060 1672 Fernautl.
1080 1645 1092 1667 ι
1105 1631 1130 1672 et
1147 1619 1262 1688 mugitus
1281 1616 1365 1684 dant,
1380 1638 1441 1672 con·

375 1697 463 1767 cepti,
476 1708 528 1750 etc.
542 1722 554 1745 ι

412 1777 480 1842 344.
496 1777 622 1846 Wrgutes.
637 1775 714 1830 MSS.
729 1776 812 1834 8036,
826 1781 947 1830 variatas.

412 1855 479 1918 346.
495 1856 637 1926 Vulnist'eos.
651 1853 750 1909 Philol.
766 1856 902 1924 vulnificus.

412 1935 479 2006 317.
497 1938 560 1991 Toto
574 1949 610 1990 est
626 1955 733 2006 spumeus
746 1956 795 1990 ore.
810 1936 865 1989 Sol.
882 1936 1005 2001 Bothins,
1020 1955 1054 1990 ne
1066 1936 1226 1990 collidantur
1242 1936 1367 2007 duplices
1378 1956 1441 1990 con·

375 2033 462 2080 sones,
477 2027 527 2068 toto
538 2035 647 2088 spumeus
660 2036 701 2067 ote
711 2029 755 2070 est.

410 2094 476 2152 352.
493 2097 610 2170 Lucaeque
623 2097 699 2150 botes.
717 2095 791 2148 MSS.
806 2095 893 2165 6377,
909 2097 994 2159 8006,
1011 2099 1096 2164 8029,
1111 2097 1194 2150 etalii
1210 2099 1316 2168 Lucique
1332 2095 1387 2157 inv.

412 2187 479 2259 357.
496 2191 565 2259 Quid
572 2190 646 2260 pluro
660 2195 767 2240 ennom?
780 2189 842 2242 linc
854 2189 934 2241 verba
945 2187 1039 2240 absunt
1051 2189 1224 2252 Florentino,
1237 2201 1268 2240 ut
1279 2201 1375 2240 monet
1384 2187 1440 2239 Jac.

371 2268 456 2321 Gron.
473 2269 501 2322 in
516 2269 619 2322 schedis
634 2269 716 2322 Dietn.
730 2268 861 2322 Caeterum
877 2269 971 2338 Ultraj.
988 2281 1018 2320 ut
1030 2269 1124 2340 vulgus
1143 2269 1273 2321 librorum
1291 2268 1362 2332 ,ista
1376 2265 1443 2320 disi·

370 2346 411 2399 dit
425 2348 451 2400 in
465 2349 537 2402 hunc
552 2348 681 2401 modum:

696 2503 818 2548 Murmure.
825 2517 892 2548 savo.
905 2501 1059 2549 teretissant

696 2577 775 2622 Bellus
782 2610 942 2623 ...........
972 2577 1051 2623 boras.

695 2651 758 2696 vind
760 2668 1012 2698 ...............
1013 2651 1053 2698 ibi.

695 2725 759 2772 Nihil
765 2757 988 2772 ...............
1004 2729 1077 2788 perit,

694 2802 781 2858 Quum.
788 2831 963 2846 ............
980 2801 1066 2848 cedunt

698 2875 795 2936 Ignibus
800 2909 945 2922 ..........
962 2877 1060 2922 cauam?

694 2951 923 2998 vicit.......‚...
940 2967 1058 2996 novercas.

372 3113 490 3176 Primus,
502 3123 586 3184 puto,
600 3111 762 3179 Scriverius,
776 3114 850 3166 hiatu
872 3114 899 3165 in
920 3113 961 3166 his
981 3112 1070 3166 verbis
1089 3131 1162 3175 sevo,
1180 3122 1247 3162 emat
1267 3110 1407 3176 offensus,
1420 3113 1446 3163 in

371 3205 507 3263 receptum
520 3193 593 3244 hunc
605 3191 729 3246 ordinem
744 3193 860 3266 digessit.
876 3194 963 3246 Bura.

411 3283 479 3348 358,
494 3283 559 3352 359.
579 3283 667 3336 Cuon.
681 3285 751 3340 Ater.
762 3285 831 3356 pros.
847 3297 898 3338 eto.
920 3283 970 3336 Hic
985 3302 1073 3337 versus
1092 3296 1118 3335 et
1138 3301 1193 3354 seq.
1212 3279 1309 3334 desunt
1327 3283 1356 3334 in
1370 3283 1447 3336 MSS.

375 3369 443 3432 469,
455 3375 480 3416 et
492 3364 520 3415 in
530 3361 572 3417 ed.
587 3363 672 3434 Raph.
686 3382 724 3418 ts.
743 3364 809 3432 359,
826 3363 898 3418 deest
912 3365 959 3416 sol.
977 3365 1005 3416 in
1019 3364 1075 3416 tts.
1092 3365 1181 3426 8028,
1202 3362 1294 3427 8033,
1312 3362 1403 3416 8035.
1417 3365 1448 3416 10

372 3444 404 3495 al.
421 3446 508 3510 80²9,
525 3445 616 3507 8034,
630 3461 669 3496 vs.
685 3443 751 3514 359,
767 3445 939 3518 postponitur
953 3461 1043 3496 versus
1060 3448 1123 3506 401.
1139 3443 1188 3494 Vs.
1205 3439 1367 3510 359,rleest
1378 3443 1449 3514 peri-

372 3535 413 3576 ter
428 3522 456 3574 in
468 3520 555 3594 AEgid.
567 3523 699 3594 Philolog.
718 3525 827 3578 Ascens.
843 3525 914 3578 Petr.
928 3523 1036 3594 Gryph.
1050 3523 1164 3575 Scriver.
1176 3520 1291 3574 Fernab.
1306 3522 1396 3594 Thys.
1411 3555 1450 3566 -

369 3603 500 3656 Preterea
513 3620 617 3668 versum
632 3601 701 3668 358,
716 3604 743 3656 in
762 3604 877 3672 vulgetis
895 3603 1007 3674 pessime
1025 3602 1180 3656 attributum
1198 3597 1337 3664 Phaedrre,
1351 3603 1451 3655 Grute-

370 3701 431 3746 rus,
446 3681 571 3752 Scaliger,
584 3694 609 3734 et
623 3696 682 3752 post
693 3683 742 3736 hos
754 3683 931 3755 probatissimi
946 3683 1036 3736 Choro
1050 3680 1191 3736 dederunt.
1205 3679 1286 3746 Quod
1300 3696 1343 3733 est
1358 3681 1395 3736 de
1409 3681 1450 3736 ‹li-

369 3761 510 3819 01100ιί000
521 3774 626 3816 actuum
637 3801 644 3826 ,
656 3764 741 3816 nullas
756 3765 855 3826 Seneca
866 3763 974 3834 reliquit
990 3776 1080 3826 notas,
1094 3775 1123 3816 ut
1138 3760 1229 3831 tragici
1245 3761 1348 3814 Graeci.

411 3855 478 3916 364.
498 3854 584 3922 Lapsa
603 3873 682 3922 genre.
701 3856 780 3908 MSS.
800 3853 873 3926 quid.
895 3868 922 3907 et
945 3853 1005 3908 edd.
1023 3855 1103 3908 1000.
1124 3855 1255 3907 Gruterus
1273 3867 1360 3923 quent
1379 3855 1451 3908 serre

374 3935 446 3988 nse.
461 3931 514 3985 Sed
527 3932 602 4002 lapse
612 3953 662 3986 vox
674 3933 779 3988 ridetur
793 3936 917 4004 genuina,
932 3948 958 3987 et
971 3934 1093 4004 pluribus
1106 3947 1209 4004 recepta
1218 3945 1265 3986 est.
1279 3933 1324 3986 Cf.
1337 3933 1384 3990 ad.
1395 3947 1451 3990 not.

412 4013 477 4068 365.
490 4013 538 4064 Nil
550 4013 620 4066 idem.
633 4015 713 4066 Both.
729 4033 759 4068 er
772 4015 868 4086 Ultraj.
880 4015 942 4066 niltil
953 4015 1022 4068 iden.
1313 4025 1323 4038 ⁰

411 4093 602 4147 36810000ιο.
616 4091 740 4148 Heinsius
750 4096 864 4148 malebat
880 4100 990 4147 incertos.

412 4173 478 4241 369.
492 4173 566 4228 Nunc
583 4193 608 4226 se
620 4178 703 4248 quieti.
715 4175 786 4229 Male
800 4173 873 4246 apud
888 4173 1035 4246 quosdam,
1051 4193 1129 4228 mese
1142 4193 1167 4245 q.
