3008 5158
373 545 603 614 OEDIPUS.
630 539 736 614 ACT.
763 547 789 614 1.

206 669 352 736 Pascitur
368 681 482 736 artus:
505 680 660 735 resonant
681 690 793 752 aures,

206 775 378 870 Stillatque
399 779 494 872 niger
512 779 602 846 uaris
621 777 758 847 aduncae
798 787 800 792 '

208 888 327 970 Cruor,
345 899 379 954 et
394 911 494 954 venus
512 888 638 980 rumpit
656 887 795 955 hiantes.

207 995 326 1063 lntirna
344 995 458 1064 creber
475 997 597 1064 viscera
616 1011 747 1089 quassat

204 1105 355 1173 Gemitus
374 1105 540 1174 stridens:
563 1118 643 1173 tune
660 1104 813 1199 amplexu

205 1212 335 1306 Frigida
352 1238 466 1308 presso
488 1239 565 1282 saxa
586 1213 748 1309 fatigant:
860 1223 865 1254 ·’

208 1323 301 1411 Quos
318 1321 453 1393 liberior
472 1325 589 1394 domus
609 1323 695 1392 elato

206 1433 354 1504 Custode
374 1435 469 1518 sinit,
498 1435 609 1528 petitis
632 1434 758 1519 fontes,

204 1543 380 1638 Aliturque
400 1545 471 1613 sitis
492 1542 587 1613 latice
609 1546 748 1638 ingesto.

206 1655 372 1722 Prostrata
391 1654 481 1746 jacet
500 1653 597 1724 turba
615 1679 675 1748 per
690 1678 777 1736 aras,

114 1809 118 1815 ·
207 1765 359 1856 Oratque
379 1765 465 1832 mori
486 1789 493 1831 τ
515 1763 622 1832 solum
640 1765 705 1833 hoc
723 1761 833 1834 baciles

204 1873 366 1941 Tribuere
389 1874 462 1943 Dei.
483 1871 631 1946 Delubra
650 1861 788 1968 petunt,

205 1981 304 2050 Haud
322 1997 359 2050 ut
379 1997 457 2052 voto
474 1985 612 2053 numina
628 1983 776 2078 placent,
1085 2017 1124 2048 ns

73 2197 202 2264 erysipelas,
215 2198 314 2266 herpes,
330 2211 443 2251 tumore
455 2199 569 2254 ferventi
613 2197 726 2270 Spiritus
746 2195 880 2250 interdum
902 2197 1001 2268 gemitu
1019 2197 1119 2270 gravis,

70 2276 187 2344 sanguine
201 2290 282 2329 ortus.
295 2278 336 2329 Dc
351 2278 402 2330 hoc
417 2279 567 2346 Lueretius,
613 2279 719 2350 iuraque
742 2277 822 2348 longo
846 2276 895 2328 Ilia
923 2277 1038 2349 singultu
1064 2291 1123 2332 teria

71 2352 111 2404 lib.
121 2355 172 2418 Vl,
190 2375 225 2409 rs.
239 2359 294 2409 560
307 2375 344 2428 sq.
359 2383 369 2403 ι
381 2357 486 2411 Eisistit
496 2378 568 2412 sacer
613 2349 690 2411 dunt.
702 2383 713 2405 ι

72 2431 568 2510 ignis,etnritcorporeserpensQuam·
657 2435 1120 2506 192.Tunc‚preterea;rid.v.184.

69 2528 173 2583 umque
186 2515 300 2585 arripuit
317 2529 432 2585 partem,
447 2519 568 2588 repitque
655 2517 718 2586 193.
734 2517 860 2586 Fatigatis.
879 2516 994 2569 Interius
1012 2529 1123 2570 aestuan·
1169 2529 1172 2550 ¹

68 2606 221 2658 prierius·
245 2595 378 2656 Restitit,
398 2597 444 2650 lib.
459 2597 516 2661 vt,
530 2615 567 2650 vs.
613 2607 664 2660 tes,
684 2614 815 2648 marmora
837 2608 909 2647 orote
928 2596 1122 2666 amplexantur,

70 2673 136 2733 1164
145 2691 186 2744 sq.
198 2674 338 2726 ·Etsimnl
350 2675 481 2729 ulceribus
494 2676 567 2748 quasi
612 2675 710 2746 quibus
724 2685 906 2746 temperentur
919 2672 1001 2744 ignes.

66 2748 152 2802 inustis
177 2771 257 2804 omne
280 2753 377 2804 rubere
398 2754 517 2826 Corpus,
539 2767 569 2808 ut
656 2759 719 2822 ¹94.
730 2755 807 2806 Eiuro
819 2753 936 2818 Castoris,
951 2754 968 2805 i.
979 2772 1002 2806 e.
1014 2765 1120 2808 mortuo

66 2841 109 2886 est.
119 2847 169 2899 per
180 2832 300 2884 membru
309 2850 380 2884 sacer
389 2831 454 2885 dum
466 2833 568 2887 diditur
612 2832 658 2906 qui
670 2835 779 2885 curabat
791 2845 818 2885 et
830 2829 996 2886 custodiebat
1008 2851 1099 2904 egros.

64 2907 152 2975 ignis·
169 2910 282 2964 Necnon
294 2909 365 2981 apud
377 2908 454 2983 Virg.
469 2915 566 2985 Georg.
655 2911 720 2979 195.
729 2913 814 2963 Positis
820 2910 983 2978 sontes.Vide
992 2912 1020 2962 in
1033 2911 1121 2964 Anim-

64 2986 103 3038 lib.
121 2989 178 3053 111,
192 3009 230 3041 vs.
244 2990 301 3044 566
315 3010 322 3039 ε
338 3015 348 3036 ι
361 3030 368 3042 .
380 3029 388 3044 .
399 3031 420 3046 ..
435 3007 570 3047 contactos
613 2990 760 3045 adversion.
772 2989 822 3043 llio
832 2991 914 3060 petitis
925 3008 977 3060 pro
986 3001 1071 3062 petum
1081 2989 1120 3044 di·

60 3081 125 3119 artus
137 3087 216 3122 sacer
228 3068 297 3139 ignis
308 3067 410 3123 edebat.
423 3097 434 3116 ·
612 3071 691 3134 citur,
704 3082 734 3122 ut
749 3069 779 3122 fit
791 3088 846 3122 non
862 3067 941 3122 semel
955 3068 983 3121 iu
998 3070 1084 3140 poetis
1094 3083 1121 3123 et

100 3151 162 3202 188.
174 3149 301 3200 Pascitur.
317 3149 487 3219 Depsscitur,
509 3168 568 3202 ene·
611 3150 713 3221 inipso
730 3149 836 3203 Seneca.
857 3146 900 3200 Sic
921 3147 948 3200 in
963 3149 1118 3219 Agamernn.

60 3221 156 3277 dia-
172 3229 300 3279 Resonant
315 3247 392 3281 aures.
417 3229 569 3294 Lucretius,
615 3249 651 3282 vs.
672 3226 900 3283 first-Vidimus
916 3227 1122 3298 patriamruen-

58 3303 155 3370 lib.VI‚
169 3327 212 3359 vs.
227 3308 298 3362 1183
311 3329 317 3358 ε
331 3307 475 3361 «sollicite
488 3327 569 3380 porro
613 3321 666 3362 tero
677 3321 754 3361 noete
770 3307 880 3365 funesta,
893 3306 986 3370 Quum
1000 3306 1122 3359 Dardana

57 3385 198 3457 plenaque
213 3389 355 3440 sonoribus
366 3407 448 3441 sures.
474 3414 485 3435 ι
614 3399 680 3440 tecta
696 3385 788 3439 Dorici
803 3386 929 3456 raperetis
939 3386 1020 3456 ignes.
1033 3411 1044 3433 ι
1056 3385 1121 3438 Her·

95 3469 160 3534 189.
169 3466 319 3540 Stillarqus,
330 3467 459 3538 etc.Virg.
470 3467 568 3538 Georg.
613 3465 665 3519 cul.
678 3463 743 3519 OEt.
759 3484 797 3518 vs.
812 3465 885 3528 458:
903 3491 915 3513 ι
928 3465 1050 3518 Habuere
1061 3483 1121 3518 mo·

55 3543 96 3597 bb.
111 3547 174 3609 ut,
199 3564 240 3598 vs.
254 3547 326 3616 507:
343 3571 354 3594 ι
368 3585 374 3598 .
386 3586 391 3598 .
405 3547 445 3599 ,it
460 3547 568 3600 nuribus
614 3558 670 3598 tum
690 3563 769 3612 sam
784 3542 894 3597 discussi
907 3545 995 3608 fores;
1011 3543 1121 3598 Umbrae

53 3637 104 3677 ster
117 3625 250 3695 Sanguis.
261 3651 272 3671 ι
614 3624 750 3678 stetistis.»
764 3622 859 3676 Sensus
872 3635 910 3676 est
923 3623 1019 3694 igitur:
1035 3624 1085 3694 Qui
1094 3625 1122 3676 u-

89 3723 153 3773 ¹9⁰·
168 3705 199 3756 Ε
201 3717 215 3754 t
229 3723 319 3767 venas,
338 3717 388 3758 etc.
407 3705 440 3757 Et
459 3723 490 3757 ex
506 3706 569 3774 ipsis
614 3703 724 3766 beriam,
732 3707 830 3755 mortuis
839 3701 983 3767 custodibus,
986 3703 1051 3769 sacti
1056 3715 1120 3767 suat,

54 3785 123 3836 renis
144 3784 263 3854 sanguis
283 3784 414 3855 carroph,
434 3803 481 3853 per
503 3803 568 3855 quas
610 3783 793 3854 percussores,
805 3794 855 3835 eto.
871 3807 883 3828 ι
894 3781 1022 3836 Fontibus
1035 3792 1062 3834 et
1073 3781 1123 3834 flu-

50 3859 135 3926 {adeo
158 3855 296 3932 fervat)
315 3863 385 3915 riam
405 3863 469 3927 sibi,
490 3864 569 3918 fracta
614 3863 663 3915 viis
685 3863 824 3934 puteisque
849 3861 988 3932 capacibus
1003 3861 1120 3922 herent,

50 3954 122 4007 cute,
138 3943 225 3995 feeit.
615 3947 671 3996 Nec
690 3941 746 3994 sitis
759 3954 798 3994 est
811 3941 940 3995 exstincte
953 3941 1028 4013 prius
1041 3958 1121 4011 quem

86 4041 155 4090 191.
173 4023 288 4084 latinia,
303 4033 351 4077 etc.
362 4021 458 4092 virgil.
469 4021 570 4093 Georg.
615 4023 669 4075 vita
682 4019 809 4074 bibendo.
822 4045 832 4068 ι
850 4018 977 4082 Ovidius,
992 4018 1037 4071 lib.
1053 4019 1123 4081 vlt,

46 4099 571 4161 lib.111,vs.505:·Tumveroar·
616 4101 733 4156 ressa.

46 4177 137 4235 dentes
148 4180 330 4251 mulierque
339 4193 464 4234 attractus
475 4181 507 4234 sb
518 4182 572 4234 alto
661 4183 722 4249 ¹9⁸·
737 4179 817 4230 Solum
830 4179 882 4229 boe.
896 4177 975 4228 Mori.

115 4281 173 4346 ΙΙ.
963 4293 1005 4338 ιο
