3058 5164
353 520 424 596 358
615 551 623 576 ι
652 528 690 596 L
716 525 887 598 ANNAEI
912 525 1122 594 SENECAE

497 649 541 717 Et
560 661 616 736 tu,
633 647 693 742 qui
709 645 837 718 facibus
856 645 1014 743 legitimis
1033 645 1129 734 ades,

498 760 641 829 Noctem
663 757 845 829 discutiens
864 757 999 852 auspice
1016 755 1164 843 dextera,

496 871 573 940 Huc
591 867 706 938 incede
724 868 831 964 gradu
848 865 1016 938 marcidus
1033 865 1144 952 ebrio,

497 977 708 1072 Praecingens
726 1001 822 1049 roseo
839 992 989 1072 tempora
1008 973 1153 1045 vinculo.

498 1088 542 1157 Et
559 1101 612 1174 tu,
629 1113 701 1182 quae
719 1089 842 1184 gemini
857 1088 980 1181 praevia
1001 1085 1161 1179 temporis

497 1195 606 1266 Tarde
621 1194 720 1286 'stella
741 1197 830 1268 redis
851 1221 981 1292 semper
999 1194 1208 1267 amantibus:

496 1308 544 1375 Te
560 1321 682 1376 matres
701 1307 824 1396 avidae‚
843 1322 876 1378 te
897 1306 1039 1401 cupiunt
1057 1329 1179 1392 nurus,

496 1415 757 1511 Quamprimum
776 1417 886 1488 radios
901 1440 1058 1512 spargere
1079 1413 1218 1486 lucidos.

594 1527 712 1597 Vincit
731 1529 900 1624 virgineus
924 1527 1023 1613 decor

546 1639 664 1734 Longe
682 1639 861 1734 Cecropias
883 1663 1009 1710 nurus:

546 1751 591 1817 Et
609 1772 693 1842 quas
712 1750 849 1846 Taygeti
864 1751 956 1846 jugia

545 1860 686 1928 Exercet
701 1860 866 1954 juvenum
888 1859 1007 1947 modo,

393 2023 440 2091 67.
454 2020 491 2073 Et
504 2031 545 2086 tu,
562 2024 604 2093 qai
618 2022 729 2090 saalim,
744 2032 793 2076 etc.
809 2023 864 2095 115·
950 2019 1193 2093 72.Tanleatella,
1215 2029 1266 2073 eta.
1285 2017 1350 2071 «Ut
1366 2035 1414 2071 uox

352 2117 468 2166 menne,
479 2097 544 2154 deur
557 2101 699 2172 nuptialia,
713 2121 792 2174 quern
807 2102 864 2158 Nu·
907 2102 985 2174 longa
996 2100 1096 2172 quibua
1107 2099 1233 2154 mentitur
1240 2098 1336 2163 amica,
1345 2109 1390 2150 etc
1400 2121 1412 2145 a

351 2191 415 2242 ater.
439 2181 536 2234 Raecbi
561 2180 669 2249 lilium,
695 2180 863 2254 Aaclepiadea
908 2183 942 2234 ita
956 2199 1129 2254 apunaurum,
1143 2197 1266 2249 noveque
1276 2189 1415 2249 nuptarum

334 2259 501 2336 ¹Apollinis,
527 2259 574 2313 alii
601 2259 732 2332 Magnetis
759 2263 864 2316 volunt.
907 2259 1056 2324 desiderio,
1070 2255 1144 2313 tarde
1158 2256 1303 2329 procedere
1316 2255 1416 2311 videtur

351 2339 425 2392 Deua
441 2339 568 2411 nuptialia
586 2340 745 2412 pingebatur
759 2341 865 2413 jurenia
906 2339 963 2394 ‹liea
990 2339 1092 2410 nuptiia
1117 2337 1214 2392 dictur.
1242 2369 1284 2382 ·-
1314 2337 1415 2408 Semper.

351 2417 501 2485 marcidna,
510 2419 812 2490 voluptatediraolutua,
825 2435 864 2476 te·
905 2422 923 2473 Ι
925 2438 992 2491 unge
1006 2438 1067 2472 cum
1083 2419 1154 2472 realis.

352 2499 501 2561 mulcatur,
517 2511 657 2552 coronatur
669 2499 749 2564 roais,
766 2514 795 2554 ιιι
807 2500 863 2552 Νο·
947 2499 993 2570 75.
1008 2499 1100 2552 Vincit.
1117 2497 1240 2551 AEmiliua
1255 2495 1369 2568 Magum
1385 2490 1417 2548 ad

352 2589 406 2630 ater
424 2577 535 2641 annuit,
554 2578 596 2630 vel
613 2596 748 2641 amaraco,
766 2591 796 2632 nt
811 2579 863 2634 Ca·
907 2579 1062 2650 Nympham
1074 2578 1154 2630 nimia
1169 2577 1284 2642 cultam,
1306 2595 1347 2630 ra.
1363 2576 1415 2642 59:

351 2655 450 2721 tnllua;
464 2654 556 2708 dextra
568 2656 653 2722 facea,
667 2657 773 2711 ainiatra
787 2657 864 2711 liam·
910 2685 922 2706 ι
969 2658 1118 2730 puellarum
1127 2657 1191 2712 dnm
1198 2655 1269 2710 ludia
1278 2657 1308 2710 iu
1316 2655 1417 2727 agmine

351 2752 442 2789 meum
456 2733 865 2808 carentanuinpedibuaauccoa
906 2740 1051 2810 princepe,
1080 2739 1155 2792 Inter
1174 2737 1312 2807 virgineor
1336 2731 1418 2790 lucida

351 2814 437 2868 luteoa
450 2831 553 2887 garena.
566 2816 653 2870 Faan.
906 2817 982 2874 atetia
998 2819 1127 2872 charon·
1144 2816 1418 2888 Rana—Virginis·

394 2896 440 2950 68.
448 2895 549 2950 Noctem
561 2895 704 2961 discutiens,
714 2895 773 2950 iace
784 2915 864 2969 quam
906 2915 1025 2968 apunaae,
1037 2897 1159 2962 Creusa,
1176 2915 1223 2951 aeu
1238 2896 1366 2950 Glaucea.

349 2976 459 3046 praetera
471 2987 615 3030 noeturnae
630 2976 752 3030 tenebrae
765 2976 864 3050 diapel·
948 2981 995 3048 76.
1007 2976 1144 3047 Cecropias.
1151 2975 1255 3030 atricae
1264 2977 1368 3047 puellae
1374 2991 1419 3027 nn·

351 3053 766 3126 leua.-·Auapice.Vid.Troad.
776 3059 843 3112 861.
907 3055 983 3112 bilea.
997 3057 1115 3128 Cecrope
1132 3068 1220 3110 antem
1240 3055 1347 3127 primur
1367 3064 1421 3108 erat

393 3137 440 3202 69.
453 3135 511 3186 Huc
528 3135 609 3188 meede
625 3135 707 3204 gradu
720 3136 793 3190 ebrio.
805 3137 865 3206 lly-
906 3135 1110 3191 Athenienaium
1124 3153 1178 3192 rex.

351 3230 483 3266 menarum
496 3213 866 3286 fingebanttemuleatamion
948 3234 995 3286 77.
1021 3213 1134 3288 Taygeti.
1159 3215 1282 3270 Lucaniae
1310 3212 1421 3275 mentia,

349 3292 418 3346 aitan
443 3293 522 3363 quia,
545 3295 603 3349 aine
626 3294 724 3348 Cerere
747 3305 775 3348 et
801 3297 865 3350 Bao·
906 3296 1007 3366 Sparta
1021 3295 1191 3350 imminentia.
1208 3293 1308 3366 Virgil.
1322 3294 1422 3363 Georg-

350 3371 403 3425 cho
425 3371 505 3444 friget
520 3374 635 3442 Venuag
650 3374 786 3440 umidus,
810 3375 865 3431 boc
906 3375 947 3442 11,
957 3393 995 3428 va.
1006 3377 1080 3441 488:
1094 3374 1287 3446 ...uirginibus
1298 3372 1421 3428 bacchata

349 3463 403 3516 eat,
429 3453 560 3506 enervati·
582 3466 609 3507 et
631 3453 721 3508 fractis
742 3454 862 3522 viribus,
905 3455 1024 3508 laetania
1039 3455 1168 3528 Taygeta.
1185 3481 1197 3504 ι
1224 3455 1265 3508 De
1286 3449 1421 3525 spartani·

351 3530 480 3602 languena
491 3551 524 3586 ac
538 3533 657 3587 titubana
672 3551 727 3604 prae
744 3533 864 3589 vinolen-
905 3533 1192 3607 virginibualoquitur.
1204 3532 1239 3587 de
1249 3534 1352 3604 quibua
1361 3541 1422 3586 aunt

349 3609 405 3665 tia:
420 3611 493 3665 hunc
504 3610 616 3683 gradum
631 3625 657 3666 et
671 3631 819 3668 marcorem
834 3614 862 3668 in
906 3614 1013 3685 antiqua
1026 3615 1089 3668 illa:
1108 3641 1120 3662 ι
1134 3613 1209 3668 Nihil
1220 3614 1322 3668 horum
1338 3610 1424 3672 ,tutte

349 3691 522 3745 aomnolentia
532 3693 678 3760 cernimua,
691 3712 785 3748 camno
794 3713 863 3748 nun·
905 3693 978 3766 apud
992 3695 1116 3750 Lacrima
1129 3694 1261 3766 virginea,
1278 3693 1359 3765 queia
1371 3709 1427 3746 ma·

349 3767 416 3823 dum
423 3767 634 3842 plenediaeuaao.
645 3773 715 3825 Hinc
726 3773 795 3830 Piin.
807 3775 863 3828 Car·
904 3767 940 3844 gi’
954 3775 1089 3846 palestra,
1105 3775 1220 3839 Eurota,
1236 3772 1295 3838 acl,
1317 3770 1427 3844 pulvis,

347 3849 424 3903 ciliua
437 3869 520 3902 aarum
534 3852 652 3904 marcidos
664 3850 840 3908 dirit.Dar.a.
904 3853 993 3919 labor,
1007 3853 1104 3907 Militia
1119 3852 1147 3908 in
1162 3851 1252 3907 studio
1270 3865 1330 3918 eat,
1345 3867 1428 3926 quam
1496 3873 1499 3882 ·

392 3947 440 4001 7¹·
453 3930 489 3982 Ee
501 3943 537 3994 tu,
549 3944 667 4002 quoe,ete.
677 3931 790 3985 Veneria
802 3935 863 3986 atel·
904 3933 1024 3987 fertilitas
1042 3933 1163 3988 barbara.
1175 3959 1186 3981 ι
1206 3933 1336 4004 Propert.
1352 3932 1428 4002 Bleg.

347 4009 388 4075 la,
412 4010 497 4062 nuntia
522 4011 620 4080 praevie
645 4010 778 4080 Harpen,
806 4011 860 4066 diei
904 4013 963 4078 ΙΙΙ,
981 4021 1031 4080 14,
1051 4013 1109 4068 15:
1130 4014 1187 4068 «Ea
1206 4009 1290 4066 modu
1308 4011 1430 4084 Taygeti

348 4087 497 4158 prenuntie
521 4087 687 4160 Phoaplrore.
715 4089 858 4161 Hippolyt.
903 4092 990 4146 crines
1010 4091 1133 4164 adaperaa
1157 4093 1278 4165 prumia,
1300 4091 1431 4146 Sectatm

347 4183 415 4221 vera.
431 4170 499 4238 748.
513 4201 553 4212 -
565 4168 849 4254 Praeviagprnuuntia.
904 4172 1004 4242 patrica
1017 4191 1067 4244 per
1076 4173 1140 4244 juga
1150 4172 1233 4244 lunga
1247 4189 1343 4227 cauea.
1357 4199 1371 4221 ι
