3042 5190
384 465 431 548 aa
676 463 715 528 L.
742 461 921 532 sanet
946 462 1165 532 sennem

433 587 498 658 Sed
520 585 587 654 dux
602 545 767 653 maldrum
783 583 916 652 femina.
936 587 1015 652 Haec
1034 583 1195 656 scelerum
1214 585 1335 658 artifex

434 696 574 767 Obsedit
592 695 739 783 animos;
758 694 852 788 cujus
872 694 1003 764 incestae
1022 697 1145 789 stupris
1411 719 1446 758 sn

352 854 356 864 ·
433 811 576 876 Fumant
598 818 647 873 tot
666 805 783 894 urbes,
805 801 893 872 bella
914 818 964 874 tot
986 820 1101 900 gentes
1121 821 1262 902 gerunt,

431 922 475 988 Et
497 940 590 984 versa
611 915 653 983 ab
675 917 742 984 imo
763 928 934 1009 regnatot
951 915 1095 1008 populos
1117 937 1285 1012 premunt.

433 1026 601 1098 Sileantur
622 1024 692 1094 eliae
713 1023 811 1096 :sola
829 1025 952 1118 conjux
966 1027 1059 1120 AEgei

434 1137 553 1208 Medea
575 1135 683 1206 reddit
702 1136 840 1204 feminas
860 1134 971 1204 dirum
994 1160 1111 1230 genus.

434 1273 540 1318 nura.
555 1249 626 1316 Cur
643 1245 794 1316 omnium
816 1245 856 1313 fit
873 1241 972 1338 culpe
989 1269 1170 1338 paucarum
1186 1249 1316 1353 scelus?
1414 1276 1447 1313 sss

387 1475 899 1546 esseleminm,scelerumquepessimss
942 1485 1132 1545 temperatum,
1150 1477 1173 1529 si
1192 1476 1258 1550 quid
1279 1479 1361 1550 paulo
1383 1497 1449 1532 seer·

388 1557 553 1610 inventrices.
564 1555 705 1626 Explicrnt
716 1553 759 1608 alii
773 1574 779 1607 :
795 1555 846 1616 nil,
859 1553 899 1606 ni·
942 1551 1001 1605 hius
1012 1553 1079 1608 inest
1092 1556 1237 1609 sententie.
1251 1590 1290 1600 —
1304 1559 1382 1624 Hae,
1396 1559 1448 1612 scil.
1466 1557 1468 1560 ’

375 1639 463 1702 ¹hilo,
482 1653 650 1706 nequaquam
669 1637 749 1686 mitius
763 1635 827 1702 seris
847 1645 897 1695 est,
943 1632 1049 1686 lemine.

389 1733 564 1770 novercarum
586 1733 623 1768 sc.
646 1731 732 1786 genus
752 1712 800 1777 (ut
818 1715 900 1785 paulo
985 1713 1049 1766 560.
1062 1713 1221 1785 &jemilec
1236 1728 1287 1782 est,
1300 1720 1389 1790 eujus,
1402 1731 1449 1770 etc.

389 1797 545 1866 infijemt'nas
552 1795 629 1847 diram
638 1791 724 1864 genus)
735 1814 743 1859 3
754 1812 899 1866 quemcer·
985 1791 1051 1846 561.
1063 1792 1135 1846 Bella
1148 1807 1184 1846 tot
1192 1808 1275 1864 gentes
1289 1813 1387 1868 gerunt.
1399 1799 1451 1850 No·

390 1891 416 1930 te
431 1895 535 1929 sensum
547 1875 663 1946 exprimi
676 1875 760 1928 voluit
774 1873 900 1946 Scaliger.
916 1877 921 1888 '
944 1883 1001 1923 tum
1021 1869 1164 1947 decennale
1185 1875 1307 1942 hellam,
1330 1890 1356 1930 et
1374 1877 1451 1928 Ilium

390 1955 455 2009 vat.
474 1954 613 2008 Animrdv.
631 1953 743 2019 Seneca,
764 1966 828 2008 teste
852 1955 901 2006 lle-
943 1963 1055 2021 propter
1067 1951 1196 2007 Helenum
1212 1973 1341 2009 eversum.
1357 1957 1450 2016 Duris,

390 2035 451 2090 den.
466 2035 630 2089 anteoculos
643 2033 814 2088 habuitillud
825 2035 901 2088 Euri·
943 2031 990 2082 lih.
1003 2032 1030 2083 11
1046 2031 1179 2099 historice,
1204 2034 1324 2106 prodidit
1344 2048 1452 2106 propter

389 2114 468 2188 pidis,
481 2133 512 2168 cx
523 2112 671 2178 Alcestide‚
683 2116 736 2167 310
747 2136 753 2166 ι
763 2103 844 2184 Ὲχῠρὰ
853 2113 899 2186 γὰρ
944 2109 1200 2183 Thennoaquodam
1208 2115 1334 2168 Phocensi
1342 2129 1452 2186 raptem,

388 2200 403 2254 ἡ
416 2195 514 2248 'orooro
527 2193 631 2266 purpuris
641 2197 794 2255 τὲκνσιςΤσῖς
806 2195 901 2264 πρόσθ’,
943 2188 1103 2244 decennium
1118 2191 1233 2246 solidum
1242 2195 1385 2248 Thebanos
1394 2212 1452 2247 cum

390 2271 487 2344 ἐχίδνης
503 2270 571 2327 οὐδὲν
586 2276 729 2343 interime,
738 2275 757 2326 i.
769 2293 793 2326 e.
806 2275 844 2326 ott
855 2278 902 2326 mi·
943 2270 1141 2326 Phoceoosihos
1151 2273 1223 2327 lento
1236 2272 1325 2328 duello
1334 2275 1451 2334 evulsos,

392 2358 543 2424 tlorvipcro.
906 2411 908 2415 ⁸
944 2349 1088 2402 ettandcm
1101 2351 1293 2406 Phoceensium
1306 2354 1453 2408 urbemex·

434 2435 497 2501 559.
521 2431 570 2484 Sed
590 2429 639 2484 dax
660 2433 777 2484 melorum
800 2434 900 2496 firmine.
944 2429 1031 2482 cisum.
1046 2431 1112 2483 Belli
1126 2429 1200 2503 quod
1217 2433 1361 2504 Cambyses
1375 2437 1453 2503 AEgy-

391 2513 553 2568 Sententiam
565 2510 902 2582 hancrcperitsnpudom·
943 2509 1005 2578 ptiis
1030 2509 1135 2576 intulit,
1161 2511 1262 2566 Nicetis
1285 2513 1376 2586 Apriae
1402 2512 1455 2564 lilia

391 2611 451 2656 nes,
460 2591 500 2644 vel
513 2589 723 2662 antiquissimos,
734 2605 837 2663 poetas,
850 2591 901 2646 Or·
944 2607 1020 2642 causa
1030 2589 1096 2654 tuit,
1112 2604 1220 2644 auctore
1230 2593 1330 2658 Ctesie,
1350 2606 1402 2646 etc.
1414 2591 1455 2644 Cf.

392 2671 491 2744 pineum
511 2668 648 2736 videlieet,
666 2671 827 2738 Homerum,
843 2671 900 2724 Me·
943 2667 1043 2721 Athen.
1058 2667 1140 2733 xttl,
1155 2677 1185 2736 4,
1195 2684 1221 2725 et
1234 2673 1371 2725 Parthenii
1390 2674 1455 2726 Ero·

390 2749 537 2814 mandram,
550 2749 705 2822 Diphilum,
716 2751 900 2805 Philemonem
943 2748 1001 2800 tica.
1020 2749 1107 2802 Desa.

392 2847 418 2886 et
430 2829 596 2902 Euripidem.
610 2831 698 2894 Quam
713 2828 821 2901 quidem
832 2833 901 2884 mul·
986 2827 1052 2881 562.
1064 2829 1194 2894 Premant,
1204 2831 1299 2892 ruinis,
1311 2831 1376 2884 leto.

392 2923 420 2966 to
438 2911 525 2964 minus
540 2928 617 2980 aequo
631 2911 784 2980 acciperent
800 2924 901 2965 nostre-
986 2907 1050 2968 564.
1062 2907 1233 2974 atemoouae
1245 2925 1346 2980 patrem
1359 2909 1457 2962 OEtam

391 3005 430 3045 tes
444 2989 529 3056 Galli,
543 2990 610 3042 serio
622 2991 770 3060 presertim
781 2991 809 3042 in
823 3010 901 3062 argu·
944 2983 1080 3056 prodidit,
1091 2988 1200 3042 fratrem
1209 2989 1458 3060 Absyrtomdiseer·

392 3083 497 3133 mento,
514 3070 564 3123 nisi
586 3069 757 3140 mitigavisset
778 3071 903 3124 carminis
945 3067 1010 3136 psit,
1023 3065 1123 3119 Peliam
1138 3087 1151 3122 a
1164 3070 1217 3122 suis
1230 3070 1334 3122 filiabus
1342 3068 1458 3142 jugulari

392 3151 537 3222 elegantia,
557 3163 601 3202 aut
624 3162 684 3222 apte
704 3151 903 3220 prepararisset
946 3145 1021 3209 fecit,
1036 3147 1180 3200 Creontem
1195 3167 1255 3201 cum
1271 3149 1325 3202 tilia
1340 3151 1459 3212 Glauca,

392 3231 531 3284 scribentis
543 3227 680 3282 calliditas.
700 3229 792 3300 Itaque
809 3230 903 3294 melius
946 3217 1075 3292 (malli,
1095 3225 1209 3291 Creusa)
1230 3227 1368 3283 medicatis
1388 3229 1459 3298 igni·

392 3311 482 3364 Nostri
495 3307 568 3381 quod
581 3307 657 3362 decet
678 3309 860 3373 retinuerunt;
874 3322 903 3361 ut
946 3305 995 3357 hus
1010 3307 1169 3378 assumpsit,
1187 3307 1285 3362 liberos
1305 3327 1367 3362 suos
1385 3309 1460 3360 Mor·

391 3391 512 3444 fecerunt
522 3388 697 3442 nihilomiuus
711 3386 782 3459 apud
794 3389 905 3441 Veteres
946 3403 1052 3437 morum
1068 3404 1099 3438 ao
1109 3387 1259 3440 Pheretrem
1271 3389 1298 3441 in
1308 3385 1404 3442 odium
1415 3389 1459 3440 Ja-

392 3465 903 3540 Hesiodus‚Simonidesque;etproeser-
946 3465 1017 3516 sonis
1033 3483 1121 3518 eoram
1135 3480 1210 3536 patre
1224 3465 1340 3533 occidit;
1355 3469 1461 3540 lugiens

393 3551 442 3602 tim
456 3550 580 3620 scriptor,
595 3547 772 3618 nescioquis,
787 3547 903 3614 vetulus,
948 3557 1037 3596 autem
1054 3545 1173 3599 Athenas
1188 3549 1270 3618 AEgeo
1283 3561 1386 3619 nupta,
1403 3549 1461 3600 Ne-

394 3627 427 3682 de
436 3649 490 3700 quo
502 3627 585 3681 fertur
600 3646 711 3698 sequens
722 3627 883 3698 epigramma
894 3647 900 3680 t
948 3620 1012 3675 dum
1023 3627 1136 3696 peperit,
1146 3626 1173 3678 in
1184 3629 1377 3698 eujusgratiam
1391 3628 1464 3680 'l'hc-

396 3735 406 3755 ·
419 3706 505 3762 Crede
523 3720 607 3760 ratem
622 3707 723 3758 sentis:
737 3705 856 3758 animum
869 3725 903 3760 nc
947 3721 991 3756 seo
1005 3703 1125 3758 insidiata
1141 3718 1186 3758 est.
1202 3706 1288 3759 Pana.
1310 3738 1350 3747 -
1370 3707 1464 3760 Reddit

392 3785 471 3840 crede
483 3786 586 3860 puellis.
601 3787 721 3858 Namque
734 3798 773 3838 est
789 3785 903 3838 feminea
942 3784 1003 3849 sem.
1014 3783 1091 3835 diram
1101 3785 1226 3855 genitali.
1236 3785 1341 3858 equod
1353 3785 1388 3839 de
1399 3787 1463 3860 Cly-

393 3867 475 3920 tutior
486 3863 556 3918 unde
572 3863 634 3918 fide.
648 3865 755 3918 Femina
767 3865 839 3918 nulla
853 3865 903 3917 bo·
948 3875 1096 3916 temuestra
1114 3861 1216 3920 dixerat
1233 3863 1342 3920 Homer.
1360 3864 1462 3937 Odyss.

393 3967 425 4000 ua
448 3959 505 4008 cst,
524 3945 565 3997 vel
583 3945 603 3996 si
623 3946 694 3998 boue
710 3935 821 4014 contigit
838 3945 902 4010 ulti,
946 3939 999 4009 XI,
1023 3941 1099 4006 432:
1121 3927 1142 3998 Pl
1162 3966 1191 4018 5⁸
1212 3955 1269 3998 κατ’
1288 3941 1373 4014 αἶσχος
1393 3949 1462 4014 ἔχεσι

394 4027 490 4080 Nescio
504 4043 557 4096 quo
571 4023 624 4077 lato
639 4023 760 4078 restnale
774 4025 839 4076 facta
853 4026 902 4076 bo·
947 4023 988 4074 καὶ
1009 4023 1166 4094 ἐσσομένῃσιν
1190 4025 1285 4078 ὀπίσσω
1307 4029 1464 4096 Θηλυτίρῃσι

394 4125 427 4160 na
455 4119 530 4159 est·
558 4106 677 4158 Acumen
707 4103 904 4176 epigrammatis
947 4101 1464 4176 yusmilmuiis’aispp'otipots.Bsnes.
