3184 5184
346 471 414 568 372
524 461 527 485 ·
639 467 678 538 u.
705 465 880 540 snum
904 469 1116 539 snuacn

390 591 492 663 Tauri
515 589 632 659 ferocis
649 613 706 658 ore
727 588 911 658 flammanti
929 589 1068 660 occidet.

391 705 538 772 Fortuna
557 721 711 785 causam,
730 721 803 792 quae
820 696 927 784 volet,
945 713 1090 768 nostram
1111 715 1258 794 prematt

391 814 468 882 Non
489 809 629 904 poenitet
648 831 793 876 servasse
815 820 865 875 tot
886 831 1002 902 regum
1020 808 1131 878 decus.

379 917 642 1010 ,Quodcumque
661 914 759 1010 culpa
780 917 953 1009 praemium
977 943 1017 986 ex
1035 918 1127 986 omni
1145 917 1221 1006 tuli,

389 1031 461 1096 Hoc
482 1039 532 1095 est
550 1049 650 1119 pones
668 1039 700 1092 te
717 1049 725 1091 :
743 1024 770 1092 si
792 1021 920 1118 placet,
942 1024 1062 1094 damna
1082 1051 1192 1113 ream3
1360 1051 1403 1098 us

388 1135 453 1206 Sed
471 1133 572 1204 redde
593 1134 738 1202 crimen:
758 1158 831 1201 sum
848 1158 988 1220 nocens,
1008 1133 1128 1222 fateor,
1146 1140 1245 1206 Creo.

388 1243 502 1314 Talem
521 1243 644 1312 sciebas
660 1267 747 1326 esse,
766 1267 870 1336 quum
892 1269 998 1340 genua
1017 1246 1130 1338 attigi,

387 1354 567 1447 Fidemque
586 1350 725 1446 supplex
744 1350 892 1445 praesidis
913 1352 1027 1422 dextra
1046 1355 1136 1448 petii.

385 1467 487 1533 Terra
504 1463 567 1532 hao
584 1462 723 1530 miseriis
741 1460 901 1555 angulum
921 1475 955 1530 et
975 1462 1084 1532 sedem
1105 1487 1208 1558 rogo,

386 1574 611 1666 Latebrasque
629 1569 730 1640 viles:
755 1571 838 1638 urbe
857 1572 885 1640 si
904 1569 981 1665 pelli
1003 1570 1130 1665 placet,

384 1683 494 1750 Detur
514 1692 660 1750 remotus
678 1678 797 1772 aliquis
813 1681 853 1747 'in
877 1681 986 1774 regnis
1004 1679 1106 1750 locus.

386 1815 441 1861 cn.
465 1793 541 1860 Non
562 1813 631 1857 esse
650 1811 717 1874 me,
737 1790 794 1881 qui
814 1805 941 1883 sceptra
961 1787 1122 1859 violenter
1141 1816 1271 1886 geram,

346 1953 348 1956 -
385 1903 457 1972 Nec
475 1900 532 1994 qui
551 1896 695 1992 superbo
713 1897 860 1967 miserias
878 1896 1001 1968 calcem
1020 1897 1118 1993 pede,

340 2110 389 2164 illo
402 2095 500 2164 ‹lietsm
514 2107 667 2178 Pelasginn.
685 2106 736 2161 Sed
749 2107 852 2179 etTyr·
895 2120 971 2162 tunm
986 2107 1137 2180 praesidinm
1151 2110 1263 2182 supplex
1279 2109 1402 2181 implora·

341 2189 434 2254 rheni,
453 2188 553 2257 Pelasgi
568 2189 663 2240 rocnti.
682 2187 772 2258 Argivi
788 2205 852 2239 vero
894 2188 938 2252 vi,
952 2189 1055 2259 fugiens
1069 2189 1191 2242 Acastum
1207 2189 1286 2242 Peli!
1301 2190 1402 2260 fllium,

342 2268 380 2321 sio
401 2266 480 2331 dieti,
501 2266 542 2319 vel
562 2285 576 2318 s
599 2265 709 2336 Pelasgo
731 2266 853 2337 Neptuni
894 2267 941 2338 qui
951 2285 993 2319 me
1003 2268 1181 2339 persequitur,
1200 2268 1305 2339 sibique
1317 2269 1345 2322 iu
1355 2289 1400 2344 ps·

344 2359 389 2400 sut
398 2346 488 2400 Inachi
502 2344 572 2407 filio,
582 2345 622 2396 rel
637 2364 651 2397 s
667 2345 782 2416 Pelasgis
794 2344 853 2415 qui·
894 2347 951 2398 trie
962 2347 1034 2402 necis
1045 2346 1171 2399 ultionem
1185 2345 1246 2399 dedi
1257 2349 1353 2418 poscit.
1362 2379 1402 2393 --

342 2423 454 2478 busdam
482 2423 616 2490 barbaris,
636 2415 695 2493 qui'
714 2423 800 2493 Argos
827 2435 853 2475 et
897 2425 1318 2495 Ouanganaaettr'gr'.'1'rosd.ve
1335 2431 1400 2497 689.

343 2503 505 2556 Thessaliam
522 2513 696 2572 occuparunt.
894 2501 990 2556 Medea
1003 2491 1082 2575 ipud'
1090 2502 1266 2575 Euripidem:
1284 2498 1343 2559 Ᾰλλ·
1358 2508 1400 2560 ds·

385 2587 450 2644 πάι.
474 2581 551 2632 Tauri
570 2582 676 2646 ferocis,
702 2590 753 2632 ete.
779 2580 854 2634 Duos
894 2583 968 2652 τομαῖ
983 2578 1095 2644 orrida
1109 2580 1403 2654 viromanduensi·

343 2659 609 2732 luuudpollonmit:
618 2659 704 2729 Tsipe
711 2653 852 2726 χαλκόποδι
894 2679 942 2713 των
956 2681 983 2714 τι
993 2669 1040 2715 τῶν
1056 2669 1114 2714 σῶν.
1129 2661 1215 2726 Olim,
1226 2662 1317 2716 Plinio
1324 2676 1400 2724 teste.

344 2741 452 2811 στόματι
464 2741 542 2811 φλόγα
555 2737 703 2808 φυσιόωντε,
718 2755 785 2808 quos
798 2757 853 2791 non
895 2739 963 2793 Hiet.
974 2739 1035 2794 Nat.
1046 2741 1092 2793 lib.
1105 2742 1148 2805 11,
1162 2759 1220 2812 esp.
1234 2743 1287 2807 45,
1302 2743 1402 2816 suamli-

345 2820 496 2892 effugisset,
508 2816 556 2872 tibi
567 2835 647 2888 gener
660 2817 772 2870 tuturus.
787 2816 852 2872 vid.
894 2835 937 2872 ees
957 2838 1041 2890 genua
1062 2819 1242 2889 attingebant,
1264 2823 1326 2892 quis
1349 2823 1402 2877 illis

346 2899 393 2954 int.
405 2918 443 2952 vs.
456 2901 523 2962 ⁴66.
895 2897 1007 2952 vitalitas
1026 2898 1099 2952 inest.
1117 2899 1223 2952 Servius
1243 2900 1281 2952 sit
1299 2919 1328 2954 ss
1345 2919 1401 2955 esse

388 2984 452 3041 als.
466 2978 576 3030 Fortuna
584 2994 697 3041 erasum,
707 2995 761 3046 qaoe
771 2976 851 3038 odet.
894 2977 1083 3031 Misericordia
1094 2993 1258 3044 consecrata,
1272 2991 1300 3032 ut
1311 2979 1401 3033 Genio

346 3067 451 3108 nostram
469 3068 572 3126 pumat.
586 3053 698 3106 Videbit
721 3053 806 3106 lector
824 3054 853 3106 in
894 3056 1026 3121 frontem,
1046 3068 1073 3110 et
1087 3057 1223 3110 Memorio
1238 3077 1321 3112 sures.

345 3133 486 3188 Auimsdr.
497 3151 561 3198 nos,
574 3129 719 3185 Bsdenium
737 3149 768 3184 ex
786 3131 853 3185 Gro·
936 3138 1001 3198 248.
1015 3136 1098 3189 Fidem
1109 3138 1229 3206 presidia
1245 3137 1398 3192 Presidium

346 3213 428 3266 novio
444 3223 587 3283 sequutus,
606 3209 698 3280 legisse
714 3229 767 3279 quoe
787 3212 854 3263 volet
895 3215 933 3266 tul
947 3214 1042 3284 ipsius,
1056 3215 1191 3281 Creontis,
1212 3229 1337 3288 tannsrn
1355 3215 1401 3270 de-

345 3310 396 3362 pro
409 3292 529 3362 vulgata,
541 3309 588 3361 que
599 3288 673 3340 uolet.
684 3289 718 3341 Et
730 3287 768 3342 sio
779 3289 853 3344 loeus
895 3292 1005 3346 leusoris
1019 3313 1049 3348 se
1062 3293 1318 3348 viredine-Dextra
1330 3301 1395 3367 petii.

343 3367 590 3441 intelligendusest‚
602 3367 681 3422 allato
689 3367 769 3421 simili
777 3367 853 3422 Phe·
894 3371 950 3424 Alii
968 3371 1072 3438 dextra,
1090 3385 1119 3427 ut
1137 3373 1171 3426 sit
1191 3373 1277 3427 dextre
1291 3393 1394 3444 prem

344 3447 400 3502 dre
417 3447 507 3512 dioto,
526 3467 557 3502 ex
571 3447 710 3518 Hippolyt.
723 3465 761 3502 vs.
775 3450 850 3504 1382
894 3449 967 3522 quod
985 3453 1065 3524 poulo
1086 3451 1216 3526 ineptius3
1234 3453 1297 3506 dun
1312 3454 1395 3504 dextra

347 3545 566 3599 ‹quemeumqus
580 3524 685 3580 dederit
700 3526 799 3580 exitum
812 3546 853 3582 os·
890 3542 982 3600 petere,
1000 3531 1123 3584 solemnis
1135 3531 1168 3584 sit
1182 3550 1240 3586 mos
1253 3532 1400 3604 supplicen-

342 3625 403 3673 aos,
414 3607 506 3660 seram.
518 3631 529 3653 ι
544 3606 659 3659 Pessime
667 3619 756 3660 autem
768 3607 851 3660 inter·
895 3609 970 3662 tium.
979 3608 1043 3662 vid.
1056 3607 1195 3664 Animadv.

341 3699 490 3756 pretaetor,
508 3710 519 3732 ι
531 3697 674 3757 utcumque
684 3686 789 3740 fortuna
800 3687 851 3739 mi·
936 3696 1002 3757 ²49·
1022 3689 1098 3742 Tem
1112 3689 1164 3742 iac.
1181 3689 1236 3742 Ubi
1249 3689 1347 3744 scilieet
1363 3703 1402 3744 est

338 3765 368 3819 hi
382 3763 546 3837 iniquam.-
604 3781 608 3790 ’
893 3765 1400 3836 tuna-Moeriisaagaumusda.

379 3850 444 3910 244.
457 3844 740 3906 amnemamnem.
893 3835 924 3896 ds
947 3841 992 3900 διὰ
1013 3843 1088 3901 δυοῖν.
1112 3843 1245 3918 Angulani
1266 3863 1355 3914 terra,
1374 3849 1402 3902 iu

381 3926 449 3991 246.
469 3922 580 3987 Crimen,
606 3921 746 3986 Jasouem,
771 3927 848 3996 eujus
890 3942 944 3996 quo
959 3925 1052 3980 misera
1065 3924 1216 3979 considerem
1231 3938 1257 3979 et
1271 3927 1374 3980 lateam.

336 4019 413 4057 osuss
425 4020 483 4057 sum
494 4003 562 4056 laets
571 4019 683 4066 noeens;
695 4021 731 4055 rs.
744 4005 805 4057 280.
932 4005 997 4058 253.
1007 4005 1119 4057 ruamus
1130 4007 1217 4057 calum
1227 4007 1298 4076 pede.
1312 4007 1402 4060 Grave

375 4089 440 4152 ²47·
460 4083 543 4134 Talem
565 4081 655 4135 sciebas
674 4101 733 4136 erse.
753 4084 842 4148 Quum
887 4095 976 4136 autern
991 4084 1093 4138 erimeu
1112 4085 1271 4139 miserorum
1287 4103 1400 4157 oppen-
