3116 5172
429 508 953 578 ANIMADVERSIONES.
1151 501 1221 578 553

150 637 314 700 recemiro,
328 650 359 692 ut
369 656 446 710 supe.
459 637 523 694 Vid.
533 640 623 694 Senot.
634 639 753 693 Idinerr.
764 656 823 711 pag.
835 639 908 701 tas:
921 638 1014 701 alienu,
1029 655 1085 691 non
1095 638 1153 710 ejus
1160 656 1220 714 qun
1314 649 1319 664 ¹

151 719 246 850 gittit,
273 717 317 772 sed
340 737 353 771 a
375 720 444 774 Jove
465 717 643 773 commodato.
664 716 747 791 Apud
771 717 930 790 Euripidem
953 718 981 772 in
1000 717 1099 772 Troed.
1112 736 1151 773 rs.
1168 723 1218 778 80.

181 816 272 852 merra
286 817 292 852 :

309 901 361 968 Καὶ
372 915 430 975 Ζιίις
443 913 486 986 μὶν
502 912 590 985 ὅμῧριν
606 914 648 967 καὶ
663 916 775 982 χάλαζαν
790 914 899 968 densere

309 994 420 1064 Πίμψιι,
434 989 548 1064 γνοφώδη
563 1002 589 1045 τ’
600 995 690 1066 αἰθέρος
704 993 855 1064 proripere,

308 1063 370 1146 ripn
382 1068 411 1127 dl
424 1068 513 1126 tuero
527 1071 583 1142 proi
594 1079 641 1144 πῦρ
656 1076 792 1145 κεραύνιον,

297 1141 411 1206 ‘uentu
421 1146 544 1222 Ᾰχαιιῦς,
560 1159 617 1216 ναῦς
632 1173 660 1206 τι
672 1157 814 1225 πιμπράναι
826 1155 892 1224 πυρὶ.

150 1272 267 1341 Quidem
279 1271 463 1345 distinguunt:
478 1273 585 1326 Tandem
596 1274 726 1326 domurn?
737 1273 819 1325 ullenu
833 1275 905 1326 inerti
912 1311 921 1338 ,
934 1285 984 1328 ele.

192 1365 258 1421 566.
272 1369 372 1419 Hincet
382 1367 510 1421 Chalcida.
523 1366 566 1420 Sic
579 1367 710 1421 Commel.
727 1378 753 1418 et
768 1366 893 1436 Scaliger.
907 1367 983 1420 MSS.
998 1363 1106 1437 quidem
1123 1366 1220 1430 liabent

153 1447 304 1509 Culcedonn,
322 1446 369 1499 alii
386 1446 532 1499 calcidona.
547 1476 587 1489 -
601 1447 749 1502 Anthedona
764 1444 906 1517 legendum
923 1447 1037 1518 conjecit
1049 1445 1219 1499 Gronovius:

150 1527 317 1592 Eustatlrius,
342 1525 402 1597 ipso
422 1538 570 1579 monente:
592 1519 708 1581 lumem
725 1528 794 1587 eolre
816 1527 903 1597 λιμένα
929 1528 1035 1594 Ιχινσα,
1060 1525 1154 1593 lexim
1175 1531 1219 1587 mie

150 1611 282 1668 Βοιωτικῆς
296 1607 419 1676 παραλίας
433 1613 478 1668 τῆς
498 1608 558 1677 πρὸς
573 1604 689 1667 Εὐὸιὶας·
709 1603 779 1660 unde
800 1605 931 1658 Homerus
953 1607 1121 1674 ἐσχατόωσαν
1140 1603 1217 1658 dicit.

148 1685 224 1739 Libri
241 1687 296 1739 lere
305 1685 473 1749 Clruleedonu,
485 1685 527 1738 vel
541 1685 695 1749 calcedam
709 1683 773 1738 Ald.
784 1697 809 1736 et
817 1687 872 1738 lrr'nc
885 1685 1011 1739 Chalcida.
1022 1682 1117 1738 Jacob.
1128 1684 1216 1739 Gron.

149 1765 178 1817 in
189 1764 293 1819 schedis
309 1766 394 1818 Dietz.
416 1765 539 1836 *Hygim
555 1765 609 1819 t‘alr.
625 1773 659 1829 14
672 1783 679 1818 ε
694 1764 829 1819 Admetus
843 1766 962 1819 Pheretis
974 1766 1055 1829 lilius,
1072 1776 1157 1818 matre
1170 1765 1220 1818 Pe-

148 1843 416 1916 riclynsene,Minoio
426 1845 480 1897 lilia
490 1864 539 1910 ,ex
551 1846 693 1900 Thessaliae
704 1857 793 1898 monte
804 1844 992 1909 Chalcedonio,
1002 1843 1073 1898 unde
1086 1843 1216 1916 oppidum

149 1937 175 1978 et
196 1925 295 1978 flumen
315 1926 403 1979 traxit.
423 1922 499 1978 Adde
514 1927 679 1995 Stephanum
700 1927 728 1978 in
740 1915 829 1994 Ἡραία.
847 1927 887 1978 De
907 1923 1092 1980 Chalcodoniis
1107 1925 1218 1978 urbibus

150 2005 340 2076 Harpocratio,
356 2003 391 2057 ad
405 2023 485 2076 quem
497 2004 552 2057 rid.
561 2006 649 2060 Vales.
660 2024 720 2077 pag.
736 2021 798 2073 197.
813 2005 856 2059 Cl.
874 2006 944 2058 Prol.
955 2005 1054 2058 Iustini
1068 2004 1115 2056 lib.
1128 2004 1215 2068 VIII,

148 2085 249 2138 Euboea
260 2081 473 2139 xouutoaetrot
484 2085 568 2157 patria
576 2085 700 2158 Euripidi
711 2086 738 2138 in
750 2086 824 2138 lone.
839 2081 984 2138 Χαλκώδων
998 2086 1108 2138 Paussn.
1120 2101 1148 2153 p.
1158 2084 1214 2154 567

149 2177 175 2217 et
187 2165 255 2234 570,
274 2183 358 2236 prope
370 2164 535 2218 Chalcidem.
546 2189 557 2210 ι
575 2165 645 2218 Hinc
662 2166 829 2218 scribendum
845 2177 962 2228 constat,
977 2165 1086 2218 mininis
1105 2161 1212 2235 quidem

148 2245 321 2298 mutatione:
339 2245 503 2298 ctauodona.
519 2245 651 2315 Sequente
665 2263 757 2304 versu,
781 2244 894 2298 similem
916 2244 1127 2298 terminationem
1149 2242 1216 2296 rita·

148 2335 239 2389 turus,
260 2322 323 2377 dedi
341 2326 417 2378 Aulin
430 2344 481 2395 pro
496 2325 589 2377 Aulida
607 2325 722 2396 vulgato.
746 2325 887 2390 Lucanus,
903 2324 943 2390 V,
962 2325 1017 2379 236
1036 2341 1043 2377 :
1068 2349 1079 2372 ι
1094 2323 1212 2396 iniquam

147 2403 274 2457 cineribus
286 2405 372 2458 Aulin.
386 2431 397 2452 ι
411 2406 497 2457 Βοτιι.

189 2484 254 2555 570.
268 2483 375 2553 Perfida.
387 2485 442 2538 MS.
452 2483 538 2548 8035,
549 2484 655 2550 feruida.

189 2565 255 2632 574.
266 2564 424 2636 delegantem.
432 2565 507 2618 MSS.
519 2566 591 2618 8026
605 2577 630 2616 et
644 2561 730 2628 80⁵5,
744 2563 895 2634 relegentem.

189 2643 253 2713 576.
268 2644 305 2696 Et
318 2651 395 2697 ntur-lu
408 2643 522 2696 multant.-
541 2644 627 2696 eeelds't
641 2647 666 2696 ln
682 2645 756 2696 lucem
763 2645 848 2712 futur.
864 2644 976 2696 Veritmt
992 2644 1064 2697 libri.
1081 2642 1136 2700 Alii
1154 2641 1212 2694 Mu·

147 2723 257 2794 lantque,
269 2725 311 2777 rel
327 2727 464 2798 Voluntque
477 2728 562 2778 muria.
575 2723 701 2795 Optimus
714 2719 774 2777 cum
792 2742 846 2776 uno
860 2742 875 2776 e
891 2725 946 2777 Pal.
965 2725 1001 2776 Et
1019 2727 1095 2776 muria
1111 2725 1217 2776 nolunt.-

147 2801 233 2855 Etiam
250 2821 310 2875 que
327 2805 447 2875 sequitur
465 2805 597 2869 clausula,
615 2802 691 2857 rslde
708 2804 829 2874 ambigue
844 2815 892 2856 est.
913 2803 989 2856 MSS.
1006 2803 1062 2856 lere
1080 2820 1172 2856 onmes
1186 2816 1215 2856 et

147 2880 208 2936 edd.
223 2884 377 2937 nonnulle:
396 2883 479 2935 cecidit
495 2889 519 2934 ιἰι
535 2883 608 2934 lucens
616 2884 698 2950 sume.
716 2883 835 2952 Nuperi‚
851 2883 913 2935 cedit
925 2888 949 2933 ιἰι
963 2882 1068 2942 luctum,
1086 2880 1165 2933 etiam
1180 2900 1212 2934 ex

147 2961 305 3032 quibusdam
327 2961 443 3034 antIquis
459 2961 629 3016 editionibus.
643 2960 694 3016 sed
706 2961 773 3014 illud
787 2960 892 3014 reduxit
906 2961 1028 3032 Lipsius,
1041 2973 1067 3014 et
1081 2961 1214 3031 interpre-

147 3054 227 3107 tatur,
235 3056 265 3095 ut
274 3042 340 3096 olim
349 3040 537 3106 Bernardinus,
548 3044 597 3094 suh
605 3043 690 3095 lucens
700 3041 806 3095 desiisse
817 3053 1007 3112 tempestatem.
1018 3041 1061 3094 Sic
1070 3039 1097 3092 in
1110 3037 1214 3106 Medea,

134 3121 232 3186 ¹-Jam
246 3122 342 3176 cecidit
360 3123 399 3176 irs
414 3141 420 3174 :
437 3123 546 3193 poenitet
560 3123 633 3184 lacti,
649 3121 739 3191 pudet.
753 3147 763 3168 ι
790 3121 820 3173 ln
836 3122 910 3173 lucem
933 3121 1060 3174 Suetonio
1075 3120 1111 3172 ad
1124 3121 1210 3182 lucem,

146 3200 241 3256 Iulio:
259 3221 363 3274 ,ιριιιιιιι
383 3201 530 3254 luminibus
549 3201 684 3256 exstinctis
708 3200 859 3254 decessisset
882 3200 940 3264 ria,
965 3201 1012 3253 diu
1031 3197 1213 3267 errabundus,

146 3279 254 3335 tandem
269 3281 302 3335 nd
316 3282 403 3335 lucem
419 3279 486 3336 duce
499 3295 636 3353 repertun
658 3281 704 3335 Ad
714 3293 803 3334 noctem
816 3282 939 3338 Lucano.
952 3299 1031 3352 quem
1044 3281 1133 3332 locunt
1146 3280 1211 3333 olim

147 3361 289 3415 tuebamur
303 3360 428 3415 adversus
440 3380 573 3414 summurn
586 3363 684 3423 virum,
700 3361 747 3414 lib.
758 3361 808 3424 IV,
820 3379 860 3414 rs.
872 3361 928 3414 356
941 3379 984 3432 sq.
999 3387 1010 3409 ι
1022 3378 1077 3431 quo
1092 3372 1213 3432 tempore

145 3441 246 3511 primas
259 3439 375 3512 Impedit
387 3440 421 3495 nd
433 3454 538 3494 noctem
547 3445 600 3512 jum
612 3442 658 3494 lux
672 3453 789 3494 extreme
800 3441 930 3494 tenebras.
939 3466 951 3487 ·
966 3441 1000 3495 Et
1012 3437 1142 3512 siquidem
1157 3441 1213 3494 heu

145 3520 226 3574 lectio
244 3520 380 3592 probando
395 3534 433 3573 est
449 3515 492 3588 (nt
510 3522 602 3593 utique
620 3518 759 3593 probanda
777 3510 843 3588 est),
860 3519 916 3573 heco
931 3539 1039 3592 quoque
1059 3519 1137 3574 unies
1156 3521 1212 3592 ejus

146 3599 284 3671 probando
307 3613 345 3654 est
368 3601 508 3655 sententie.
535 3601 603 3654 Nom
623 3599 683 3654 duas
704 3601 761 3653 alie
784 3601 1030 3670 interpretationes,
1048 3617 1113 3670 quas
1128 3600 1210 3653 homo

144 3693 237 3733 ocutus
248 3681 358 3751 protulit
370 3669 464 3752 (prior,
475 3699 558 3752 quum
570 3679 778 3734 horrerentlitus
787 3699 868 3732 naves
876 3677 1066 3751 tenderentque
1077 3679 1103 3731 in
1114 3679 1211 3742 ultum,

145 3759 263 3813 furorem
278 3773 305 3812 et
321 3760 403 3812 veluti
418 3760 498 3813 latum
516 3779 558 3813 eas
577 3761 728 3832 repressisse
739 3758 771 3812 nd
785 3773 879 3812 terram
897 3761 951 3812 sive
969 3760 1080 3813 secema
1095 3758 1211 3828 Nauplio

145 3857 293 3905 accensam
311 3842 406 3905 altere,
422 3843 496 3905 furor
513 3839 670 3894 Graecornnr
686 3839 772 3892 eseids't
786 3839 812 3892 in
833 3841 921 3907 lucens,
938 3857 1009 3903 esse,
1024 3837 1154 3909 Nauplius
1168 3857 1213 3891 eos

143 3919 205 3972 luce
219 3920 275 3973 sire
289 3922 345 3973 lace
361 3939 406 3973 sus
421 3917 551 3992 decepit),
571 3921 639 3973 nihil
653 3921 752 3973 hubent
766 3921 833 3973 seni,
849 3919 994 3973 Gruterum
1011 3918 1153 3994 quominus
1166 3917 1211 3971 hic

145 4000 212 4052 ferat
228 3998 295 4053 illud
308 4000 397 4059 lucem.
418 4014 523 4063 moret,
542 3998 660 4071 quodid
676 3999 763 4052 stetim
777 4000 924 4070 repetitur,
937 4017 1014 4050 uersu
1029 3999 1164 4068 sequenti,
1181 4015 1212 4050 ac

144 4081 185 4132 his
199 4079 268 4132 idem
285 4078 392 4133 dicitur.
407 4079 459 4133 Sed
473 4098 522 4132 nec
536 4081 578 4132 bis
594 4079 664 4132 idern
675 4079 785 4144 dicitur,
797 4092 824 4132 et
836 4081 897 4150 quin
913 4079 956 4131 liic
969 4075 1141 4130 commodum
1153 4095 1211 4130 sen·

145 4177 202 4213 ιιιιιι
218 4161 280 4214 lecit
292 4159 359 4212 illud
370 4160 456 4216 litum.
472 4158 591 4231 seqtrenti
605 4159 710 4214 nonnisi
724 4159 858 4231 ineptum.
878 4158 1043 4230 acquiescere
1055 4155 1148 4210 debuit
1167 4157 1212 4210 lsic
