3116 5172
341 416 411 490 526
639 419 679 498 L.
706 415 879 488 ANNAEI
904 413 1114 486 SENECAE

386 542 441 612 Sic
462 539 529 609 lruo
547 552 581 608 et
601 536 682 608 illue
705 537 841 631 impiam
863 536 962 606 libret
983 563 1130 608 manum.

385 650 517 719 Habet:
540 662 713 744 peractum
731 661 781 715 est
800 673 808 716 ε
828 645 952 741 pendet
968 649 1089 742 exigua
1106 645 1192 720 male

384 763 495 853 Caput
515 771 723 851 amputatum
742 773 854 850 parte,
876 772 909 826 et
928 756 1006 827 hinc
1024 773 1145 826 trunco
1163 783 1266 828 cruor

385 868 560 954 Exundnt,
584 865 676 935 illino
693 891 752 934 ora
770 891 848 938 cum
868 866 1002 938 fremitu
1017 869 1139 959 jacent.

385 979 543 1051 Nondum
567 975 750 1046 recedunt:
769 977 822 1046 ille
837 979 906 1070 jam
925 978 1107 1050 exanimem
1130 979 1231 1071 petit,

388 1095 595 1186 Laceratque
616 1111 738 1180 corpus
759 1113 767 1155 :
789 1086 845 1158 illa
864 1086 1046 1158 fodientem
1063 1087 1212 1181 adjuvet.
1367 1109 1406 1161 ,n

387 1203 537 1293 Uterque
558 1211 653 1266 tanto
671 1195 794 1266 scelere
811 1196 989 1290 respondet
1010 1197 1090 1266 suis.

389 1309 452 1378 Hic
470 1323 520 1377 est
535 1308 678 1401 Thyeste
700 1323 815 1392 natus,
832 1306 903 1376 haec
917 1305 1051 1378 Helene
1070 1331 1175 1376 soror.

390 1421 462 1488 Stat
480 1441 557 1486 ecce
575 1415 675 1486 Titan
693 1415 816 1486 dubius
834 1418 972 1486 emerito
991 1415 1066 1503 die,
1182 1479 1187 1488 ,

391 1531 501 1598 Sunne
521 1540 652 1611 currat,
668 1551 712 1596 en
729 1525 892 1620 Thyestea
911 1527 976 1596 via.

452 1743 711 1826 ELECTRA,
735 1741 1044 1822 STROPHIUS,
1076 1737 1304 1810 ORESTES
1393 1728 1396 1737 ’

565 1879 607 1923 sr
631 1855 883 1938 PYLADES,
902 1875 1011 1922 norm
1032 1874 1207 1924 ressonis.

397 2066 449 2112 en.
475 2045 587 2134 Fuge,
607 2055 788 2134 opaternae
806 2040 922 2108 mortis
943 2040 1103 2110 auxilium
1121 2040 1275 2124 unicum,
1370 2065 1407 2106 n·

397 2157 505 2246 Fuge,
521 2166 554 2219 et
572 2149 723 2219 scelestas
739 2151 884 2219 hostium
907 2151 992 2220 evita
1013 2175 1143 2220 suarius.

398 2267 519 2332 Eversa
538 2262 657 2338 derisus
678 2276 729 2332 est
750 2261 900 2330 funditus
919 2288 926 2330 :
942 2286 1044 2356 regna
1060 2260 1228 2330 occidunt.

396 2379 527 2468 Hospes
549 2372 623 2465 quis
646 2372 706 2440 iste
724 2373 873 2440 concitos
892 2396 1009 2440 currus
1026 2370 1118 2470 agit?

398 2491 585 2566 Germane,
603 2486 712 2554 vultus
729 2502 817 2556 veste
835 2487 973 2564 furabor
989 2501 1074 2556 tuos.

399 2600 512 2687 Quos,
531 2597 643 2664 anime
664 2596 819 2683 demens,
838 2596 984 2692 refugis?
1006 2613 1163 2666 externos
1184 2595 1298 2666 times?
1370 2611 1411 2662 9¹⁵

391 2784 456 2836 por.
478 2766 576 2829 Habet,
597 2765 652 2818 soll.
674 2765 781 2819 vulnus.
799 2765 864 2819 For·
946 2767 1007 2820 Aet.
1019 2767 1055 2831 V,
1069 2785 1104 2819 se.
1118 2785 1151 2819 rr.
1164 2764 1266 2818 Electra
1279 2764 1355 2818 lratri
1367 2783 1414 2816 suo

353 2844 527 2902 mulssludo
536 2843 692 2916 gladiatorio
702 2857 803 2898 sumtu:
817 2845 863 2898 ubi
908 2846 995 2900 Oresti
1023 2845 1154 2898 subducto
1183 2846 1272 2915 frigam
1304 2843 1413 2904 suadet,

353 2928 374 2982 si
394 2925 567 2999 gladiatorum
591 2926 656 2978 alter
677 2927 774 2977 vulnus
790 2943 864 2978 occe·
907 2943 1021 2996 eumque
1029 2925 1155 2996 Strophio
1165 2938 1316 2996 opportune
1324 2941 1415 2976 oeror-

354 3007 451 3078 pluet,
473 3005 633 3060 eoolsmebst
656 3003 818 3059 sdversarius
838 3017 865 3057 et
908 3005 978 3058 renti
997 3003 1076 3058 tradit
1090 3003 1294 3068 abducendum
1308 3005 1363 3075 ipse
1380 2999 1415 3054 sd

354 3097 529 3156 spectatores,
550 3084 595 3136 hoc
617 3083 695 3136 laedet.
710 3115 748 3126 -
762 3084 865 3138 Pendet.
883 3115 884 3118 =
908 3103 981 3138 arem
997 3083 1126 3154 confugit.

353 3166 415 3219 Non
429 3165 531 3233 integre
542 3176 567 3216 et
579 3163 682 3218 fortiter
692 3177 865 3234 amputatum.
950 3181 1014 3232 9¹0·
1030 3165 1056 3216 Ο
1062 3175 1180 3234 peterere.
1192 3163 1313 3216 Puteruss
1326 3160 1419 3215 mertis

395 3243 459 3314 905.
480 3243 529 3296 ttu
541 3243 675 3309 fodientem
695 3244 802 3313 eeljueet.
823 3243 866 3296 ste
910 3241 1066 3296 ulciscendas
1080 3261 1138 3312 spes
1151 3243 1237 3296 unies.

355 3321 429 3392 epud
446 3319 603 3391 Euripidem
624 3323 728 3376 Electra
745 3323 865 3376 Orestem
951 3323 1150 3390 prmHostr'uns,
1164 3320 1417 3392 metrisetAEgisthi.

355 3401 464 3472 adjuret
478 3400 505 3454 in
523 3401 722 3472 Clytaemnestra
739 3400 867 3456 necunde.
953 3403 1096 3472 913.()nls
1115 3405 1160 3454 e'ste
1173 3405 1226 3472 agit
1239 3421 1333 3454 cerrus.
1350 3400 1418 3454 con·

396 3499 459 3550 9⁰7·
472 3481 588 3548 Thyeste,
600 3479 720 3550 perfido,
733 3481 867 3547 adultero,
912 3495 1002 3553 specto
1021 3499 1036 3534 e
1057 3482 1134 3552 longe
1156 3481 1299 3552 Strophio,
1309 3479 1421 3542 'metuit,

354 3561 501 3614 liberorum
516 3577 623 3613 snorum
639 3560 779 3626 helluone,
796 3562 868 3614 inre·
911 3579 1077 3633 puerumque
1091 3561 1200 3614 ooculit.

355 3639 555 3696 eto—Helenae,
566 3637 692 3694 adulteras
706 3653 733 3694 et
745 3640 867 3702 crudelis,
951 3647 1016 3709 9¹⁴·
1026 3639 1155 3702 Gennene,
1167 3637 1419 3697 stetere-Furem

355 3739 414 3792 que
423 3718 595 3790 Deiphobum
610 3720 733 3774 maritum
746 3721 868 3775 Menelao
911 3733 1004 3792 tegam.
1019 3719 1084 3775 vid.
1094 3721 1175 3773 Herc.
1188 3720 1252 3772 Fur.
1265 3738 1333 3790 799.

358 3811 384 3853 et
397 3799 518 3852 hostibus
530 3797 711 3851 dilaniandum
725 3799 853 3870 prodidit.
954 3801 1019 3868 915.
1044 3803 1123 3870 Ques,
1143 3803 1236 3860 enine,
1262 3811 1313 3852 etr..
1340 3796 1422 3850 Suum

398 3877 869 3947 908.Ernere'to,finitosomtame-
913 3880 1024 3950 corripit
1049 3891 1170 3945 metum,
1203 3877 1278 3952 qnod
1304 3877 1423 3949 peregri·

359 3958 469 4028 tephora
482 3958 516 4010 ab
530 3957 674 4028 operariis,
690 3959 787 4024 serris,
803 3960 871 4013 mili·
914 3977 980 4014 num
996 3960 1100 4023 timent,
1121 3977 1205 4031 quum
1218 3960 1261 4014 sui
1277 3957 1424 4029 propinqui

361 4037 447 4101 tibus.
458 4037 505 4107 qui
519 4037 648 4110 imperata
662 4055 830 4108 peregerunt.
917 4039 1026 4094 timendi
1040 4041 1128 4110 potius
1142 4041 1202 4092 sint.
