3042 5156
365 490 914 560 ANIMADVERSIONES.
1100 517 1172 588 ²²9

20 655 21 660 ,
115 615 178 688 quod
192 616 230 670 sit
247 615 345 688 procul
365 635 394 670 se
410 618 570 686 removisse,
588 618 616 672 id
627 638 690 674 vero
701 620 831 692 significat
843 620 972 686 dissidere,
990 639 1045 674 uon
1056 622 1171 676 desidere.

115 695 164 750 its.
176 698 268 764 8029,
280 695 391 750 discedit.

147 779 206 829 600.
220 776 332 842 Essem.
351 776 408 829 MS.
424 777 513 842 8030,
528 778 627 846 afferet.

148 855 211 908 603.
228 857 341 924 Opertae.
360 856 418 910 MS.
430 859 502 910 8060
516 871 637 928 ,apertum

146 938 208 998 604.
224 935 297 988 Stetit
307 955 355 1004 per
369 947 444 988 artus.
459 935 559 1002 Quidd.
572 937 647 992 MSS.
661 949 688 990 et
700 955 762 990 cum
777 937 815 990 eis
825 937 955 1010 philolog.
969 937 1085 1010 Stetitque
1093 951 1170 992 artus·

114 1013 284 1067 -Horridnn
299 1016 357 1068 Hoc
369 1016 430 1068 loco
443 1016 553 1070 Botbius
570 1036 577 1068 e
593 1043 605 1065 ι
621 1017 717 1070 Parum
738 1017 846 1088 placent
862 1031 916 1071 tam
936 1019 1028 1073 vicina
1044 1019 1128 1072 isorreo
1145 1039 1160 1072 e

113 1093 229 1161 torridus,
239 1113 327 1166 neque
340 1093 393 1162 sio,
406 1108 491 1166 puto,
503 1089 610 1152 S'eueos.
623 1097 743 1150 Fortasse
755 1096 805 1154 suit
817 1116 824 1150 ι

304 1210 373 1258 Stetit
387 1225 430 1272 per
445 1220 509 1257 artus
521 1211 635 1274 sunguine
645 1221 669 1258 et
679 1212 732 1258 iuro
748 1211 840 1264 oribus.

114 1309 140 1363 id
152 1323 202 1375 est,
217 1315 243 1364 in
255 1332 308 1365 oro.
320 1317 354 1366 Τὸ
367 1314 382 1363 6
396 1325 495 1366 temere
508 1333 579 1367 nuno
595 1311 724 1378 additum,
744 1333 816 1367 nuno
830 1315 957 1368 omissum
973 1333 1029 1370 esse
1043 1315 1132 1370 multis
1143 1319 1171 1368 in

112 1390 171 1444 loeis
181 1392 312 1445 librorum
327 1405 444 1458 constat;
460 1412 509 1446 nec
521 1393 601 1447 semel
617 1395 644 1446 in
664 1393 714 1446 bno
724 1412 790 1448 voce
802 1394 870 1464 lapsi
884 1407 945 1447 sunt
956 1393 1166 1466 descriptores..

146 1471 207 1525 605.
226 1471 352 1525 Obtentus.
367 1472 419 1524 Alii
432 1485 458 1525 et
470 1473 544 1526 MSS.
558 1485 584 1525 et
597 1471 660 1526 edd.
679 1474 793 1524 obtectus.

146 1553 208 1604 606.
225 1551 327 1604 Rabirio.
340 1551 398 1606 1116.
412 1555 485 1606 8060
497 1591 504 1617 ,
518 1553 619 1623 ιτῳίἄος
630 1571 709 1624 quam
720 1553 904 1606 confusionem
917 1571 1012 1607 vocum
1025 1556 1080 1625 jam
1091 1572 1170 1625 supra

111 1627 236 1694 vidimus,
247 1649 284 1684 vs.
299 1631 364 1685 560.
600 1677 605 1685 .

146 1709 330 1764 6088011000.
344 1711 403 1764 MS.
423 1711 513 1774 8030,
528 1712 620 1775 8060,
634 1713 751 1765 Penthea.

146 1789 209 1841 631.
227 1789 313 1844 Grani.
327 1789 402 1842 Idem
414 1791 473 1844 MS.
483 1790 555 1844 8060
568 1831 575 1853 ,
590 1796 680 1861 gravis.

145 1869 209 1932 684.
225 1870 402 1923 Pretie.01im
416 1869 459 1923 hic
472 1871 607 1941 legebatur
619 1871 675 1924 sine
690 1881 779 1925 ruente
786 1874 873 1940 prino.
882 1871 992 1924 Lectu'nr
1007 1871 1057 1924 tuit
1069 1871 1165 1925 deinde

108 1967 208 2016 prensa.

144 2027 209 2082 638.
224 2029 285 2098 Egit
298 2030 348 2100 qni.
367 2029 448 2082 Multi
463 2027 542 2082 codd.
564 2031 656 2093 8080,
672 2031 745 2082 8060
757 2068 765 2092 ,
776 2041 826 2081 etc.
840 2029 996 2082 vetustiores
1010 2029 1073 2083 edd.
1089 2031 1163 2098 Egit-

109 2127 159 2176 qne,
177 2105 209 2159 ad
223 2107 357 2161 vitandam
371 2109 471 2162 scilieet
491 2109 666 2180 asperitatem.
687 2106 739 2162 Sed
752 2109 875 2180 frequens
887 2120 924 2161 est
937 2109 995 2162 talis
1007 2129 1103 2162 vocum
1114 2121 1165 2162 tra-

116 2199 186 2240 ectio.

105 2205 115 2256 Ι
143 2267 206 2334 639.
221 2267 315 2338 Quique
329 2271 373 2320 oie
384 2289 432 2320 00οο
443 2269 553 2336 estserit.
565 2269 618 2320 Pto
631 2271 676 2320 nin
695 2264 787 2338 quidd.
799 2279 826 2319 et
839 2267 914 2320 MSS.
933 2279 959 2318 et
974 2265 1037 2320 edd.
1050 2287 1139 2319 necnon
1152 2288 1161 2328 ,·

106 2345 146 2396 stit
164 2347 197 2398 τὰ
211 2351 256 2397 vix
267 2367 316 2399 nos
333 2360 369 2400 est
380 2351 443 2415 seris
464 2346 603 2402 includunt
616 2347 779 2419 parenthesi,
801 2345 874 2418 quod
888 2345 1038 2400 intricatum
1058 2359 1096 2400 est
1108 2367 1162 2419 pree

105 2423 209 2479 lectione
225 2445 303 2495 quern
317 2428 478 2500 recepimus.

140 2507 206 2568 640.
230 2505 310 2558 Getis.
327 2506 384 2559 MS.
404 2509 499 2572 8080,
514 2509 586 2578 regis.
1198 2563 1202 2570 .

139 2589 205 2649 644.
221 2587 337 2656 Erinnys.
360 2587 501 2640 Contracte
524 2605 573 2657 pro
586 2584 726 2656 Erinnyus.
744 2585 870 2638 Heinsius
882 2586 996 2639 malebat
1014 2612 1025 2634 ι
1039 2585 1159 2656 Erinuyn

104 2665 266 2732 pronubam,
281 2691 292 2712 ·
310 2664 431 2729 credens,
446 2685 525 2718 unam
536 2678 637 2718 tantum
659 2666 810 2735 pronubam
825 2663 971 2717 adhibitam
987 2665 1082 2730 ituree,
1104 2683 1158 2718 nou

102 2743 195 2810 plures.
211 2745 305 2809 ratem
328 2764 389 2798 narn
407 2759 433 2798 et
451 2745 596 2816 Apuleius,
612 2745 719 2797 Metam.
732 2745 798 2807 vll,
813 2762 873 2814 pag.
892 2748 963 2808 161,
979 2743 1066 2797 dixit:
1081 2771 1092 2792 ι
1108 2745 1158 2795 111-

101 2823 175 2874 trices
186 2823 297 2876 habebis
310 2825 454 2895 pronubas.
469 2849 480 2871 ι
500 2823 605 2876 110000.
616 2854 657 2866 -
667 2827 718 2876 Dat
729 2823 785 2894 ipse
796 2824 908 2875 liothius
918 2825 1044 2894 Erinnyn,
1057 2837 1083 2875 et
1098 2821 1158 2875 iden

101 2919 135 2952 rt.
153 2921 195 2973 sq.
215 2915 357 2966 sonantem
370 2915 396 2955 et
414 2921 521 2975 quoque
542 2903 652 2965 uerbere,
666 2921 717 2973 pro
737 2901 851 2966 verbero,
865 2900 941 2972 quod
954 2903 1080 2954 soloecum
1095 2921 1159 2972 pro-

99 2981 191 3035 damat
203 2995 230 3035 et
242 2983 363 3054 ineptum
374 3002 381 3048 ;
400 2994 427 3036 et
446 2996 536 3036 tamen
554 2981 679 3036 facillime
691 3000 740 3054 per
750 2981 914 3052 greecisrnum
927 2993 1013 3052 potest
1026 2979 1095 3033 ittud
1114 2999 1160 3034 ex·

136 3142 204 3205 645.
217 3143 344 3195 Incestum.
357 3141 415 3197 MS.
431 3142 521 3208 8055,
540 3146 672 3205 ineertrnn,¹
693 3141 741 3194 ubi
759 3139 878 3194 nescitur
898 3139 957 3211 quis
977 3139 1011 3192 sit
1031 3139 1157 3206 meritus,

97 3220 152 3289 quis
167 3221 241 3273 iilius
251 3239 259 3274 :
270 3240 330 3292 quae
343 3222 377 3274 sit
391 3241 458 3275 uxor
468 3237 515 3276 aut
524 3241 583 3294 quae
595 3235 693 3287 mater,
708 3219 795 3293 inquit
808 3221 947 3292 interpres.
962 3217 1052 3274 Codex
1064 3220 1159 3273 Centr-

96 3297 244 3370 brigiensis,
255 3303 292 3354 sit
311 3301 457 3366 Pomanus,
468 3301 531 3374 legit
546 3306 658 3354 incretam
671 3301 773 3353 domum.
792 3301 911 3353 Ineretum
924 3297 1037 3363 seilicet,
1049 3301 1111 3371 quia
1125 3319 1155 3351 00

95 3381 185 3432 metris
199 3393 226 3433 et
235 3380 285 3433 filii
297 3381 380 3450 impia
394 3381 521 3435 mixtione
534 3383 678 3435 constabat.
692 3381 782 3434 Festus
796 3385 920 3456 :increra,
940 3378 1050 3430 indivisa.
1062 3380 1158 3432 Nonne

93 3455 163 3518 bae.
236 3461 303 3513 mvis
315 3460 377 3512 setis
387 3457 503 3533 jucunde
514 3459 663 3525 detineant,
677 3460 755 3512 nimis
771 3471 833 3512 sunt
844 3477 859 3512 0
870 3459 1018 3528 longinquo
1032 3458 1137 3529 petita?

131 3543 167 3603 64
194 3578 200 3591 .
218 3540 294 3610 inpio
306 3539 396 3594 Marte.
410 3541 544 3593 Pomanus
559 3540 671 3594 malebat
684 3541 782 3610 Inpios.
797 3536 848 3592 Sed
867 3537 935 3590 bene
948 3537 1028 3590 habet
1040 3538 1162 3608 vulgata.

130 3623 200 3689 647.
214 3619 312 3690 Regem.
330 3619 387 3672 MS.
404 3621 496 3685 8060,
511 3639 600 3690 regom.

130 3701 201 3760 648.
222 3699 390 3770 Quodcumque
410 3699 554 3763 Gruterus,
575 3717 734 3772 quacumque,
756 3711 786 3750 ut
808 3709 835 3750 et
850 3695 986 3749 Fabricius
1009 3694 1100 3748 edidit.
1121 3697 1153 3747 10

90 3775 268 3843 Florentino,
288 3798 446 3852 quocumque,
466 3778 539 3850 quod
559 3778 679 3850 sequitur
696 3776 833 3830 Budenius.
848 3779 883 3829 At
900 3788 999 3847 quanto
1021 3777 1156 3847 angustius

89 3869 126 3908 en
139 3859 196 3910 boc
211 3875 291 3928 quarn
306 3859 473 3931 quodcunque.
495 3857 565 3911 Illud
587 3858 657 3910 virm
672 3859 713 3909 vei
731 3856 849 3910 semitam
865 3869 911 3908 000
932 3855 1081 3919 tramitem,
1102 3873 1152 3923 qun

88 3935 173 3990 iturus
188 3949 244 4000 est,
255 3937 366 3991 alterurn
388 3957 494 3991 omnem
510 3938 646 4008 regionem
661 3950 687 3990 et
697 3947 809 3991 traetutn
821 3936 956 4006 significet.

126 4019 206 4081 650,
222 4017 289 4070 650.
306 4017 437 4088 Reparnbit
450 4017 533 4070 herbas
541 4037 551 4079 ,·
566 4013 643 4090 spirit.
658 4037 732 4087 puros
746 4017 814 4069 dabit
829 4016 899 4067 nitri.
910 4033 970 4066 aura
978 4033 988 4074 ,·
1002 4013 1065 4064 Ven.
1083 4011 1150 4100 Vuis

88 4093 236 4152 Gruterus
250 4097 372 4162 rescribi,
387 4123 398 4146 ι
412 4095 589 4168 6000011000
609 4099 708 4163 herbe,
726 4097 790 4168 spir.
804 4113 883 4166 puras
895 4093 956 4148 dab.
971 4093 1061 4145 vitales
1076 4107 1138 4144 sura

980 4159 1038 4233 15³
