3058 5164
458 549 652 618 nsum.
684 552 794 621 sor.
822 555 849 619 1.
1116 525 1186 648 '357

170 673 294 737 Furore
316 683 387 736 toto
405 696 413 738 :
431 671 524 764 peria
543 671 724 741 narrentur
741 687 800 741 tua

170 779 320 874 Repudia
341 777 504 850 thalamis,
519 782 598 870 Quo
617 783 726 850 virum
746 781 870 876 linquis
889 780 1016 853 modo?

169 891 259 970 Hoc,
275 913 341 982 quo
359 899 468 959 secuta
487 915 544 958 es:
567 915 686 986 rumpe
701 893 771 986 jam
793 916 911 986 segnes
929 916 1059 962 moras:

169 999 253 1088 Quae
269 997 389 1068 scelere
404 1014 499 1094 parta
511 1015 582 1086 est,
607 1001 731 1072 scelere
751 997 995 1098 linquenda‘est
1011 1001 1142 1073 domus.
1167 1022 1191 1061 ⁵⁵

507 1255 804 1347 CHORUS.

270 1462 320 1531 Ad
338 1487 453 1557 regum
473 1461 637 1532 thalamos
652 1465 791 1535 numine
811 1489 991 1560 prospero,

269 1574 337 1662 Qui
355 1573 473 1643 caelum
486 1576 626 1668 Superi,
645 1577 770 1671 quique
790 1591 911 1672 regunt
931 1575 1070 1663 fretum,

269 1683 411 1768 Adsint‚
431 1709 508 1754 cum
526 1684 659 1780 populis
682 1687 745 1756 rite
762 1685 960 1756 faventibus.

269 1795 400 1864 Primus
418 1795 621 1888 sceptriferis
637 1795 723 1866 colla
739 1797 949 1866 Tonantibus

268 1907 399 1974 Taurus
418 1904 504 1975 celsa
524 1905 608 1974 ferat
625 1921 758 2002 tergore
777 1905 931 1976 candido.

269 2018 430 2086 Lucinam
451 2017 539 2086 nivei
558 2017 682 2086 femina
698 2018 849 2111 eorporis

270 2130 437 2195 Inteotata
454 2128 538 2222 jugo
554 2127 689 2222 placet:
708 2141 761 2213 et,
784 2127 890 2222 asperi

270 2237 388 2304 Martis
406 2237 604 2340 sanguineps
623 2263 695 2330 quae
717 2235 850 2308 cohibet
871 2260 1006 2321 manus,

269 2350 354 2436 Quae
372 2346 429 2414 dat
452 2346 617 2440 belligeris
640 2346 761 2416 foedcra
781 2345 954 2441 gentibus,

271 2459 313 2524 Et
334 2481 441 2525 cornu
467 2460 588 2547 retinet
605 2457 706 2526 divite
726 2458 879 2550 copiam,

272 2567 426 2636 Donetur
444 2582 557 2636 tenera
575 2569 688 2638 mitior
707 2567 827 2640 hostia.
912 2572 916 2582 '

166 2778 212 2827 52.
223 2765 307 2826 Paria.
322 2777 406 2846 Eique
416 2773 533 2828 crudelia
544 2786 570 2828 et
581 2793 635 2828 sce·
678 2775 758 2828 Merti
772 2787 878 2828 taurum
896 2775 1044 2834 immolari,
1059 2776 1124 2828 tovi
1144 2795 1192 2830 ne·

124 2855 196 2906 lenta.
213 2853 326 2926 Nuptias
341 2853 495 2924 ,notitione
510 2855 593 2926 petris
608 2867 635 2907 st
678 2873 815 2926 quaquam
828 2855 887 2907 vult
902 2855 1018 2908 Servius.
1035 2853 1088 2907 Hes
1103 2855 1194 2926 itaque

123 2933 194 2986 ende
207 2933 297 2987 l'ratris
313 2935 473 2997 consiliam
493 2932 634 3006 repudium
678 2933 804 2986 infaustas
818 2933 879 2984 lore
893 2933 998 3003 nuptias
1009 2934 1152 2986 ominatur.

124 3011 196 3065 caede
226 3012 421 3084 superinducto
451 3013 576 3078 Creusae,
609 3024 636 3065 et
720 3015 764 3065 61.
779 3013 906 3064 Lucinam.
921 3013 996 3084 Virg.
1012 3013 1137 3080 AEn.lV,
1152 3033 1191 3067 vs.

121 3095 295 3164 propriorum
310 3093 456 3146 liberorum
472 3093 589 3146 ulciscar.
682 3092 742 3161 59:
774 3091 902 3144 «lunoni
930 3105 992 3145 ante
1019 3089 1126 3157 bmnes,
1148 3095 1192 3146 cui

164 3175 225 3226 Act.
239 3174 310 3238 l,sc.
323 3189 356 3226 n.
370 3173 474 3225 Chorus
488 3191 503 3225 e
517 3171 637 3225 mulieri·
680 3172 767 3227 vincla
784 3169 881 3244 jugalis
902 3188 981 3225 curre.
994 3198 1005 3220 .
1027 3202 1066 3214 -
1084 3173 1193 3240 Ffms'na.

122 3251 176 3304 bns
194 3251 343 3304 Corinthiis
362 3253 466 3304 Iasonis
483 3247 510 3304 et
531 3253 637 3305 Creusae
681 3253 768 3305 Vacca
777 3250 974 3323 candida‚qnn
986 3271 1123 3324 nunquam
1135 3253 1197 3306 sub·

121 3331 227 3402 nuptiis
237 3331 436 3400 epithalamium
451 3333 579 3402 praecinit.
680 3335 749 3404 jecta
763 3331 843 3386 luerit
857 3333 935 3403 jugo,
949 3332 1054 3404 injugis.

165 3413 213 3464 56.
227 3413 273 3464 Ad
280 3431 361 3482 regunt
374 3413 500 3465 thalamos.
512 3409 639 3465 adtaso·
674 3423 676 3428 '
724 3416 770 3466 62.
787 3413 886 3476 Placet,
899 3429 914 3463 a
927 3412 1042 3482 placare,
1052 3413 1133 3483 placo.

120 3491 165 3541 nis
183 3503 211 3544 st
227 3491 332 3544 Creusae
345 3492 459 3564 nuptias.
567 3559 570 3566 .
723 3493 770 3544 63.
788 3491 965 3561 Qraeoecolibst.
980 3490 1051 3557 Pax,
1069 3509 1194 3545 seucon·

164 3568 212 3624 58.
228 3571 285 3622 Itr'te
293 3571 441 3638 faventibus.
455 3572 487 3623 ln
499 3571 581 3623 saeris
590 3569 637 3622 ad·
683 3568 790 3636 cordia,
803 3569 903 3622 «Unde
915 3569 975 3624 fluit
989 3570 1069 3642 pleno
1086 3583 1196 3624 cuncto-

120 3643 223 3703 Μία
248 3651 371 3704 favebant
395 3651 501 3721 lingua,
530 3650 558 3702 id
582 3661 637 3711 est,
682 3667 743 3702 rum
760 3650 836 3720 eopia
854 3667 952 3703 cornu:
972 3677 983 3697 ι
999 3648 1196 3722 alluditquesd

117 3728 200 3782 melis
217 3730 305 3784 verbis
320 3731 501 3794 obstinebunt,
514 3731 584 3782 bona
596 3729 637 3782 di·
682 3731 752 3800 siper
762 3723 900 3800 hpattsiac
911 3766 919 3789 ‚
931 3747 974 3783 seu
984 3728 1105 3784 Acheloi.

118 3810 237 3872 cebant,
252 3809 371 3880 ιῦφήμουν
381 3829 388 3862 s
399 3810 466 3862 rotis
478 3822 504 3862 et
512 3809 638 3862 acelama-
723 3811 768 3863 66,
780 3809 872 3861 Tenere
882 3810 975 3876 hostio,
988 3829 1038 3862 ove
1050 3827 1056 3862 :
1069 3828 1129 3862 narn
1138 3809 1195 3882 hac

119 3889 245 3944 tionibus
267 3889 351 3942 fauste
378 3891 489 3961 letoque
516 3889 637 3942 ominati.
683 3889 757 3942 Pacis
776 3889 880 3954 hostia,
901 3907 960 3960 qum
988 3889 1026 3942 illi
1046 3887 1197 3942 cudebatur

119 3965 432 4039 Vid.0ctav.vs.693.
683 3984 801 4022 seorsum
829 3982 902 4021 extra
932 3981 1101 4039 conspectum
1124 3965 1199 4032 den,

164 4051 215 4115 59.
227 4047 376 4120 Sceptn'sen's
386 4048 530 4102 tonantibus.
540 4047 602 4100 loni
614 4061 641 4100 et
684 4050 765 4119 cnjus*
786 4068 835 4102 nec
860 4067 931 4102 nram
953 4049 1077 4120 sanguine
1100 4043 1197 4100 licebat

119 4127 228 4180 lunoni
243 4129 361 4199 Reginos.
686 4127 857 4200 adspergere,
870 4128 930 4198 quia
938 4144 1016 4178 neces
1028 4139 1053 4178 et
1064 4125 1197 4196 unguinis

164 4209 215 4262 fio.
239 4207 342 4262 Teurau.
357 4209 498 4280 Neptuno,
512 4208 641 4280 Apollini,
688 4208 830 4262 effusiones
840 4207 900 4260 Peri
916 4203 1097 4260 adversantur.

987 4298 1049 4370 23³
