3116 5172
373 517 728 592 AGAMEMNON.
753 517 863 592 ACT.
891 524 944 593 11.
1116 525 1189 620 479

175 645 268 710 Inter
284 639 409 710 ruentis
428 639 566 710 Graeeiae
584 654 728 736 stragem
749 641 900 712 ultimam

176 749 254 818 Sine
273 748 367 818 hoste
385 749 494 818 victus
514 764 651 838 marcet,
667 775 706 822 ac
726 752 850 821 Veneri
869 767 984 841 vacat,

175 862 385 952 Reparatque
400 881 529 926 amores
549 883 557 926 :
580 883 665 930 neve
686 860 837 932 desertus
856 861 943 934 soret

157 971 205 1036 ‘A
227 964 344 1062 pellice
362 989 510 1061 unquam
527 967 669 1038 barbara
685 967 804 1038 caelebs
822 984 935 1057 torus,
994 1021 999 1030 .
1152 991 1188 1030 ¹⁸⁵

173 1075 330 1149 Ablatam
351 1077 475 1149 Achilli
495 1077 603 1174 diligit
624 1077 845 1174 Lyrnessida:

175 1192 246 1260 Nec
263 1212 379 1282 rapere
397 1187 518 1282 puduit
535 1213 553 1258 e
571 1189 647 1260 sinu
664 1189 810 1259 avulsam
833 1189 907 1258 viri.
946 1265 959 1294 ⁹

174 1297 226 1364 En
244 1296 372 1367 Paridis
390 1293 536 1366 hostem!
554 1323 645 1368 nunc
663 1323 788 1368 novum
807 1296 927 1368 vulnus
945 1323 1063 1393 gerens

174 1407 298 1475 Amore
315 1407 468 1500 Phrygia
488 1407 570 1476 vatis
590 1408 742 1478 incensus
764 1406 870 1476 furit:

173 1517 216 1584 Et
232 1529 308 1609 post
323 1530 449 1610 tropaea
467 1517 607 1605 Troica,
625 1541 663 1586 ac
681 1541 812 1586 versum
829 1515 947 1599 Ilium,
1149 1551 1186 1593 no

176 1627 289 1719 Captae
305 1626 446 1695 maritus
466 1641 613 1712 remeat,
632 1640 666 1696 et
683 1627 807 1697 Priami
832 1650 943 1721 gener.

174 1734 371 1826 Accingere,
390 1736 500 1804 anime
524 1758 532 1802 :
556 1733 642 1804 bella
659 1759 728 1804 non
747 1733 832 1804 levia
852 1759 1010 1829 apparas:

174 1840 286 1913 Scelus
301 1844 531 1938 occupandum
551 1859 623 1914 est:
640 1845 754 1939 pigra,
771 1869 870 1939 quem
887 1858 1054 1938 exspectas
1072 1845 1186 1916 diem?
1225 1901 1228 1908 .

170 1950 304 2047 Pelopia
320 1953 471 2046 Phrygiae
491 1967 621 2048 sceptra
641 1953 722 2022 dum
747 1966 879 2022 teneant
895 1954 1025 2022 nurus?
1092 1961 1095 1968 '

174 2065 228 2132 An
248 2077 280 2131 te
297 2077 470 2132 morantur
488 2064 630 2156 virgines
653 2062 758 2132 viduae
776 2061 883 2148 domi,
1147 2083 1185 2136 νος

173 2172 328 2265 Patrique
351 2175 489 2242 Orestes
507 2171 648 2240 similis?
668 2173 789 2242 horum
807 2187 840 2240 te
857 2169 944 2240 mala

125 2367 219 2409 notum
232 2371 265 2406 ex
277 2355 383 2408 Homer.
397 2354 429 2408 11.
444 2357 467 2421 1,
483 2355 631 2410 tn-tu-
675 2356 756 2410 Brisa
777 2357 858 2409 liliam
872 2374 922 2426 per
936 2372 1071 2426 praecones
1086 2355 1184 2410 Achilli

61 2431 65 2440 '
126 2436 237 2486 lucentes
249 2431 303 2487 ,atet
312 2429 341 2486 di
353 2434 427 2505 πυροὶ
437 2437 524 2489 restes
534 2437 630 2488 missso
674 2435 1059 2508 aufert.-DiligitLymessr'da.
1065 2435 1183 2489 Homero

125 2512 232 2584 luperci.
674 2516 782 2578 Briseis,
799 2517 844 2574 τὴν
866 2519 893 2568 le
910 2520 1050 2586 Λυρνησσοῦ
1070 2515 1182 2579 itiitere.
1217 2545 1219 2553 ν

167 2594 233 2645 18².
247 2589 360 2646 Gracia.
375 2593 462 2664 Hujus
481 2593 510 2646 in
522 2595 630 2666 Trojam
675 2593 750 2648 Iliad.
762 2595 805 2660 Il,
822 2598 886 2664 690.

124 2670 299 2742 expeditionis
310 2682 395 2742 poetae
410 2691 513 2742 semper
525 2673 559 2728 ita
576 2693 631 2726 me·
718 2677 783 2744 187.
798 2673 860 2726 Veri.
871 2673 985 2728 Achillis
996 2673 1085 2740 tortis,
1099 2675 1142 2729 vel
1151 2673 1182 2728 il·

124 2751 275 2810 rainer-unt,
284 2750 364 2805 veluti
378 2752 399 2803 si
409 2751 448 2803 illi
459 2760 512 2805 tota
527 2753 631 2807 Grtecia
673 2755 727 2808 lam
743 2754 856 2806 maritali
871 2772 960 2806 amore
974 2754 1096 2806 tenentis.

124 2829 298 2883 interfuisset.
317 2828 369 2883 Sed
390 2831 536 2900 refragatur
555 2833 631 2886 Arte·
717 2833 961 2887 188.En1’aridis.
981 2833 1021 2884 En
1035 2833 1180 2902 pulchrum

122 2907 244 2962 midorus
258 2909 396 2981 iuquiens:
411 2911 478 2980 poisat
491 2911 512 2962 el
524 2908 629 2967 Ordaia
672 2911 794 2964 adulterii
805 2909 938 2979 ¹vindicem
948 2911 955 2962 l
967 2909 1030 2962 vid.
1039 2908 1180 2965 Animadv.

121 2994 170 3042 ries
180 2995 293 3043 Βοιωτῶν
303 2989 500 3060 οὖνίςρᾶτουοον
513 2991 546 3050 εἰς
557 2981 629 3042 llice.
717 2990 777 3058 189.
805 2989 930 3060 Phrygiae,
954 2987 1106 3043 Cassandrae
1132 3007 1178 3042 seu

122 3067 264 3120 Invenerat
284 3068 410 3121 nimirum
435 3065 505 3138 apud
530 3069 630 3122 llorne·
673 3066 848 3122 Alexandria.
869 3067 933 3120 Vid.
957 3065 1056 3121 Troad.
1086 3067 1121 3134 34
1154 3081 1181 3122 et

121 3165 181 3198 rum
199 3147 228 3199 in
243 3147 369 3218 Catalogo
391 3166 444 3199 uon
468 3146 628 3212 lateritiae,
675 3152 744 3216 966.
762 3178 801 3190 -
819 3147 899 3199 barte.
918 3147 1057 3218 Eleganter
1070 3148 1181 3202 ἀντονο·

122 3213 316 3289 edissertam,
325 3239 354 3279 ut
364 3227 630 3281 testatur-Euanthius
673 3231 763 3280 κλᾶται
778 3227 844 3280 vatis
856 3225 949 3279 furori.

122 3307 222 3358 multos
232 3305 340 3376 legisse,
350 3319 376 3358 et
387 3306 462 3376 parvi
474 3305 568 3377 oppidi
580 3325 629 3359 no·
719 3325 779 3376 ¹9⁰·
795 3308 906 3377 Tropaea.
924 3304 1022 3358 Troad.
1036 3325 1061 3358 ν.
1079 3313 1142 3378 147.

123 3403 182 3437 nien
203 3403 273 3447 esse,
287 3385 460 3456 Ilypotleehar,
477 3398 564 3439 tamen
581 3387 630 3438 Ju·
718 3387 783 3455 ¹93·
803 3384 893 3438 Scelus.
920 3385 1078 3456 Antequam‘
1092 3405 1181 3442 meum

120 3464 223 3529 atinus,
245 3464 291 3516 lib.
311 3465 631 3530 xxvt11‚sotosltcar-
675 3465 815 3518 ulciscatur
825 3464 983 3518 adulterium
991 3467 1182 3534 Agamemnon,

119 3561 202 3594 nanas
226 3542 318 3596 scribit
341 3543 439 3597 Graecis
462 3543 494 3596 ad
521 3545 629 3615 Troiam
674 3563 723 3614 ego
735 3545 815 3596 illius.
827 3545 936 3616 Tiryest.
951 3545 1014 3598 sod.

118 3640 175 3674 non
195 3621 276 3674 ivisse
292 3623 442 3693 suppetias:
461 3642 519 3676 nec
535 3641 579 3676 eos
601 3624 627 3676 in
718 3626 782 3691 195.
797 3625 838 3676 An
855 3637 885 3674 re.
905 3623 948 3674 An
968 3623 1082 3676 filiarum
1104 3624 1181 3677 inuu-

119 3701 222 3754 Boeotis
240 3719 374 3771 expressos
385 3702 501 3754 invenio.
673 3715 779 3774 ptarum
793 3703 913 3765 Electrae,
927 3701 1176 3774 Chrysothemidos‚
1279 3715 1283 3726 '

162 3778 523 3834 183.Marcet.1nVenercm
533 3781 626 3853 putris,
673 3779 820 3846 Laodices,
844 3793 870 3832 et
893 3781 1052 3851 lphianassae
1077 3782 1179 3853 filiique

118 3870 145 3911 et
156 3858 242 3911 animi
254 3873 364 3930 torpore
377 3861 523 3914 conlectus.
671 3879 758 3923 causa,
769 3859 1024 3914 vindicteabstines?
1035 3863 1120 3912 lmuro
1134 3861 1180 3913 ho·

162 3938 229 3992 185.
245 3938 346 3991 Coeleds.
362 3939 443 4011 llipp.
460 3941 521 3993 230.
530 3941 627 3993 Procul
671 3959 730 3993 rum
745 3941 826 4010 gratia
842 3940 924 4011 magis
937 3939 1049 4012 pertice,
1064 3958 1097 3991 ne
1112 3939 1178 4010 quid

115 4015 152 4068 ab
169 4035 266 4070 uxore.
280 4017 362 4072 ovid.
376 4019 461 4090 Epist.
480 4020 532 4085 13,
552 4037 602 4090 ¹⁰7
619 4039 626 4072 :
676 4021 781 4091 gravius
801 4021 942 4090 patiantur,
955 4020 1002 4070 iste
1021 4017 1182 4087 superindu-

119 4121 132 4142 ι
142 4096 172 4150 in
187 4095 259 4150 lecto
274 4097 376 4151 celibe.
386 4123 397 4144 ι
676 4113 716 4152 cta
730 4117 842 4152 noverca
853 4138 861 4163 ,
873 4115 954 4169 eaque
972 4097 1075 4167 captiva
1090 4098 1179 4152 lurore

162 4175 231 4230 186.
262 4176 389 4230 Adlatum.
424 4175 632 4248 Hippodamiam
676 4178 792 4232 vaticinii
804 4179 911 4249 percita.
924 4176 1004 4246 llipp.
1020 4179 1082 4230 602.
1180 4203 1186 4216 ·
