3042 5190
391 537 436 632 76
511 581 513 586 ,
685 537 723 604 n.
752 536 925 606 nunni
952 539 1165 608 sunnon

434 659 593 730 Prodesse
612 658 727 744 bonis,
747 659 899 728 nocuisse
918 656 1036 728 malis?

434 776 500 841 Res
517 770 680 839 humanas
701 769 817 837 ordine
839 768 932 838 nullo

435 885 584 949 Fortuna
606 878 711 974 regit,
731 879 926 973 spargitque
948 905 1049 948 rnanu

434 992 575 1058 Munera
595 1013 700 1075 caeca,
720 988 835 1082 pejora
853 987 977 1058 fovens.

434 1100 549 1168 Vincit
566 1114 697 1168 sanctos
715 1097 786 1167 dira
809 1097 923 1167 libido.

435 1212 538 1278 Fraus
559 1207 694 1278 sublimi
714 1222 831 1304 regnat
849 1209 885 1278 in
902 1209 987 1278 aula.

433 1318 579 1388 Tradere
599 1319 689 1414 turpi
709 1319 811 1388 fasces
833 1317 977 1414 populus

434 1429 585 1513 Gaudet;
608 1428 740 1499 eosdem
757 1427 855 1516 colit,
878 1446 978 1524 atque
997 1430 1076 1498 odit.

434 1541 551 1610 Tristis
571 1541 676 1609 virtus
696 1565 850 1634 perversa
868 1539 947 1609 tulit

437 1651 576 1720 Praemia
594 1650 676 1718 recti
697 1677 705 1716 :
726 1664 837 1719 castos
855 1651 1006 1744 sequitur

435 1758 526 1828 Mala
547 1773 741 1854 paupertas;
763 1761 910 1855 vitioque
933 1775 1053 1854 potens

730 1872 863 1965 Regnat
880 1869 1022 1940 adulter.

405 1976 412 1998 ⁸
437 1982 469 2048 Ο
491 2002 574 2046 vane
593 1977 712 2073 pudor,
736 1977 920 2075 falsumque
938 1973 1055 2048 decus!

390 2192 495 2236 esseest
509 2185 617 2254 juvare,
631 2183 729 2236 auxilio
739 2197 897 2254 presentem
983 2185 1048 2251 986.
1069 2182 1138 2232 Vitio
1152 2193 1246 2250 potens.
1264 2182 1295 2234 ln
1313 2180 1370 2250 ipso
1388 2181 1449 2231 vitio

390 2280 461 2328 esse,
471 2263 507 2315 sic
519 2262 612 2328 abesse,
621 2275 648 2316 et
657 2263 728 2334 longe
737 2262 899 2328 essedicitnr,
943 2261 1089 2335 potentiam
1099 2273 1199 2313 nactus.

389 2343 435 2412 qui
448 2353 590 2412 utcumque
603 2360 717 2412 presens
730 2342 771 2394 vel
786 2345 897 2416 propin·
984 2346 1050 2412 987.
1064 2342 1161 2411 Regum
1181 2341 1283 2392 adulter.
1306 2337 1369 2392 Huc
1384 2338 1448 2390 obli·

390 2438 472 2492 quus,
487 2421 554 2473 nibil
567 2433 654 2473 temen
667 2423 748 2491 juvat.
765 2447 776 2468 ι
943 2441 995 2494 qne
1004 2418 1336 2492 tangunthaedram,sive
1347 2430 1450 2481 temere,

391 2500 903 2644 xv⁹1⁷‚⁷i5'1‘'c‘l‘dii3;li¹l‘iifiplit
944 2499 1331 2650 “litftltltt'stln
1344 2576 1451 2646 ipe

392 2658 486 2712 ordine
499 2659 614 2730 impellit
626 2671 652 2711 et
665 2661 753 2729 jactet.
768 2685 779 2706 ι
794 2661 834 2712 De
848 2672 902 2714 tota
947 2662 1020 2732 pesin
1033 2677 1088 2712 esse
1099 2659 1255 2713 aithrneb.
1266 2655 1299 2709 ed
1310 2657 1386 2709 bunc
1397 2673 1452 2706 rer·

390 2737 439 2791 bec
446 2739 633 2792 sententiarum
646 2740 714 2792 serie
721 2737 856 2812 videquid
864 2741 903 2793 in·
947 2759 1003 2793 sum
1020 2757 1051 2792 ex
1068 2739 1219 2791 interventu
1230 2736 1327 2791 nuntii.
1339 2737 1373 2788 At
1388 2733 1451 2786 nihil

392 2817 431 2870 lm
446 2815 674 2883 adnotaverimus,
686 2837 725 2871 vs.
740 2821 806 2889 988.
946 2819 990 2873 liic
998 2819 1100 2881 siletur,
1110 2817 1179 2869 nihil
1191 2818 1326 2888 precisum
1337 2829 1384 2868 est.
1394 2815 1452 2866 Sen-

432 2917 498 2967 979.
515 2899 596 2952 Coeca.
611 2899 691 2951 Reler
702 2897 736 2951 ad
751 2918 821 2950 monn
832 2917 899 2952 vers.
945 2899 977 2952 tit
991 2899 1063 2952 idem
1077 2895 1150 2968 qnod
1160 2897 1256 2978 Bruips
1267 2892 1450 2955 moribundus,

390 2975 729 3048 praecedentis—Pejor«,
739 2980 900 3048 pejoreeho·
944 2997 1027 3049 quum
1034 2977 1191 3030 exclamaret
1201 2995 1208 3027 ε
1221 2981 1246 3029 Ω
1256 2975 1354 3045 τλήμων
1367 2973 1452 3042 ἀρετὴ,

389 3056 490 3118 mines,
506 3061 608 3127 pejores
622 3075 724 3110 morum
739 3057 854 3111 habitus.
941 3060 1010 3130 λόγος
1021 3053 1139 3127 dp'dndn.
1147 3055 1205 3109 Hoc
1213 3057 1282 3108 enim
1294 3055 1363 3108 solt:
1374 3053 1399 3104 0
1408 3071 1454 3122 po·

430 3139 496 3203 980.
512 3138 595 3189 Vincit
606 3150 700 3190 sanctos
709 3137 735 3190 d.
746 3137 899 3190 libidollio·
943 3136 1001 3202 dor,
1018 3151 1047 3190 tu
1061 3137 1099 3188 nil
1110 3136 1159 3189 nisi
1169 3153 1266 3188 nomen
1279 3151 1315 3195 es,
1327 3151 1370 3186 ree
1380 3151 1452 3194 vanu,

389 3215 452 3266 lenti
468 3227 495 3268 et
506 3214 641 3269 libidinosi
653 3217 809 3286 opprimunt
819 3217 899 3269 inno·
944 3218 1000 3271 eine
1016 3215 1126 3270 veritate
1141 3229 1167 3268 et
1181 3214 1282 3284 speeie:
1293 3229 1414 3282 necque
1424 3229 1453 3262 ex

388 3307 476 3348 centes
489 3308 515 3348 et
527 3308 619 3348 castos.
632 3295 718 3350 Faria.
944 3309 970 3351 te
983 3297 1068 3350 oritur
1082 3295 1179 3366 gloria,
1198 3292 1279 3346 solida
1300 3305 1339 3344 est
1353 3303 1380 3344 et
1393 3309 1453 3362 pro·

429 3374 602 3442 981.Sublimi
610 3378 635 3426 in
646 3375 798 3429 eumenen
809 3394 896 3446 regem
943 3377 1017 3448 pria,
1030 3373 1076 3428 sed
1094 3374 1178 3428 inanis
1191 3386 1217 3426 et
1228 3373 1330 3436 locutu
1343 3389 1399 3424 non
1412 3372 1453 3441 ju-

388 3465 413 3504 et
427 3471 504 3506 verso
514 3455 630 3525 sequenti
644 3456 726 3527 tangit
737 3456 876 3528 populum.
943 3475 1006 3510 vens
1030 3473 1117 3525 neque
1146 3471 1253 3507 servans
1276 3469 1452 3522 possessorem

429 3534 494 3600 982.
509 3535 593 3602 Turpi.
602 3534 761 3587 Hominibus
771 3533 895 3605 indignis.
941 3553 1017 3589 suum
1025 3534 1085 3605 ,qui
1092 3535 1249 3604 plerumque
1256 3549 1316 3584 cum
1326 3530 1370 3582 illa
1378 3529 1454 3600 perit,

429 3612 493 3678 984.
512 3612 600 3665 Tristis
620 3615 711 3680 virtus,
732 3626 783 3669 etc.
801 3615 898 3669 Senem
942 3628 987 3669 aut
1000 3617 1078 3668 miser
1088 3612 1169 3666 est.0
1181 3631 1259 3685 quarn
1271 3629 1354 3664 vanus
1365 3628 1395 3661 es
1405 3627 1454 3678 pu·

389 3690 668 3753 est‚boni,edflietieo
677 3693 897 3756 moerentee(nnm
944 3693 1003 3760 dor,
1017 3707 1044 3748 et
1057 3712 1137 3764 qnam
1149 3693 1243 3745 falsum
1262 3702 1339 3742 tuum
1354 3687 1446 3740 decus!

388 3785 439 3838 pro
451 3769 491 3822 bis
504 3769 568 3823 dicit
582 3777 670 3824 tristem
680 3770 827 3836 virtutem),
842 3793 899 3828 mu·
944 3776 1010 3829 Sues
1030 3771 1139 3845 quidem
1155 3772 1196 3824 his
1216 3771 1354 3836 versibus,
1370 3787 1385 3820 s
1400 3785 1453 3838 977

387 3847 438 3900 lam
465 3848 633 3916 mercedem,
663 3852 757 3905 melam
785 3854 895 3923 gratiam
939 3854 973 3907 erl
989 3855 1063 3923 988,
1086 3865 1172 3923 partes
1196 3848 1316 3903 defendit
1340 3847 1456 3910 chorus,

386 3917 463 3994 (huc
483 3947 593 3998 perversa
617 3929 737 4000 premia)
761 3945 895 3985 rectorum
940 3934 1131 3987 convenienter
1144 3941 1276 4002 precepto
1289 3928 1455 3991 Horatiano;

387 4009 593 4078 propositorum
615 4023 641 4062 et
669 4029 781 4082 operum
802 4003 915 4082 repon-¹
941 4013 1048 4079 acerbe,
1075 4032 1108 4064 ne
1126 4010 1244 4064 dicamus
1263 4009 1371 4079 inique,
1392 4005 1457 4059 deos

387 4101 450 4140 tant.
466 4089 534 4143 Tulit
542 4130 550 4154 ,
565 4109 613 4161 pro
615 4091 681 4158 sert,
690 4102 720 4143 ut
733 4093 893 4162 supraponit,
940 4105 1010 4157 orat,
1024 4105 1072 4144 unt
1083 4089 1174 4144 redeat
1184 4089 1299 4147 miseris,
1310 4089 1390 4140 abeat
1402 4086 1455 4137 lor·

386 4169 893 4242 projuvat,adipiscitur,accipithou.
941 4185 1003 4228 tuna
1016 4171 1165 4242 superbis·
1183 4169 1256 4222 Nihil
1269 4180 1355 4221 sutem
1370 4164 1455 4235 magis
