3058 5164
367 533 435 606 282
665 537 706 605 L.
734 539 907 608 ANNAEI
931 537 1147 608 SENECAE

411 659 469 728 Eu
489 656 640 745 intuere,
664 659 762 728 turha
780 683 855 754 quse
872 657 976 728 simus
998 683 1112 754 snper,

410 766 598 856 Tumulus,
618 793 714 862 puer,
733 771 865 865 captiva
883 797 891 839 :
911 769 1099 839 cedendum
1116 785 1165 840 est
1186 769 1294 843 malis.

413 881 555 950 Sanctas
573 881 723 974 parentis
741 880 870 950 conditi
889 879 998 966 sedes,
1019 905 1100 976 age,
1396 903 1431 943 ει·

415 987 510 1059 Ande
529 989 642 1060 subire
659 1016 667 1060 :
686 989 755 1060 sats
774 991 800 1060 si
819 991 961 1061 misems
975 991 1116 1086 juvant,

413 1099 526 1170 Habes
546 1099 687 1170 salutem
704 1126 713 1169 τ
732 1101 799 1172 fata
819 1102 847 1172 si
868 1103 971 1171 vitam
992 1116 1135 1196 negant,

412 1210 527 1280 Habes
545 1210 747 1306 sepulcrum.
765 1235 838 1283 seu.
858 1211 1013 1284 Claustra
1032 1211 1245 1282 commissum
1263 1226 1386 1308 tegunt

412 1324 524 1414 Quem
541 1349 584 1392 ne
602 1339 680 1394 tuus
699 1324 865 1420 pmducat
887 1325 920 1393 in
941 1323 1089 1394 medium
1110 1324 1224 1407 timor,

414 1431 536 1504 Procul
557 1435 637 1504 hinc
659 1433 795 1524 recede,
816 1451 915 1530 teque
934 1433 1098 1504 diversam
1119 1457 1247 1503 amove.
1399 1455 1432 1496 ns

413 1567 522 1615 suna.
541 1546 664 1616 Levius
685 1544 770 1616 solet
790 1549 924 1632 timere,
944 1547 1002 1642 qui
1026 1545 1164 1641 propius
1183 1545 1287 1614 timet

326 1728 334 1748 ,
412 1653 500 1744 sed,
519 1656 545 1724 si
569 1654 696 1750 placet,
716 1657 898 1728 referamus
915 1657 995 1726 hinc
1011 1653 1077 1726 alio
1097 1656 1225 1752 pedem.

413 1789 482 1837 ssu.
505 1767 635 1836 Cohibe
656 1793 839 1863 parumper
859 1793 935 1852 ora,
951 1782 1156 1863 questusque
1176 1767 1341 1863 opprime.

412 1877 554 1945 Gressus
571 1876 733 1946 nefandos
754 1878 821 1947 dux
839 1876 1081 1974 Cephallenum
1099 1876 1262 1947 admovet.

414 2010 524 2058 suun.
548 1988 693 2060 Dehisce
716 1989 831 2075 tellus,
848 2005 972 2084 tuque,
990 1988 1129 2082 conjux,
1148 1986 1267 2058 ultimo
1397 2008 1432 2047 ἐκ

414 2101 523 2194 Specu
541 2091 706 2170 revislsam
724 2100 838 2170 scinde
860 2098 1032 2186 tellurem,
1053 2115 1086 2170 et
1101 2099 1213 2193 Stygis

415 2209 498 2280 Sinu
522 2210 690 2302 profundo
713 2211 820 2280 conde
838 2209 1026 2305 depositum
1048 2233 1171 2277 meum.

413 2319 516 2390 Adest
532 2319 683 2416 Ulysses3
706 2337 740 2392 et
757 2321 893 2417 quidem
913 2321 1017 2390 dubio
1035 2319 1142 2416 gradu

411 2428 608 2524 Vultuque:
629 2433 731 2501 nectit
751 2447 886 2527 pectore
906 2447 997 2502 astus
1015 2430 1164 2502 callidos.

416 2561 473 2610 ns.
493 2543 596 2610 Durae
612 2542 765 2611 minister
783 2543 906 2629 sortis,
930 2542 995 2613 hoc
1018 2543 1163 2637 primum
1183 2553 1277 2636 peto,
1397 2559 1434 2600 ⁵25

409 2675 473 2732 508.
491 2677 591 2742 Turba,
606 2690 658 2730 etc.
669 2677 740 2732 Vide
754 2679 827 2750 qusli
843 2681 883 2732 in·
969 2679 1035 2734 515.
1048 2676 1276 2730 Diversumdlism
1292 2673 1319 2728 in
1336 2687 1435 2747 partem

368 2755 487 2810 lortnuio
497 2757 634 2828 oppressi,
648 2777 707 2823 nos,
721 2759 814 2812 misem
826 2772 884 2812 tnr-
925 2757 1055 2812 vertendo
1070 2775 1188 2828 gressus,
1199 2755 1262 2810 hinc
1276 2769 1415 2808 amovete.

368 2837 402 2890 ha
415 2838 594 2909 supersimns:
611 2837 709 2892 llector
720 2839 833 2894 bellator
845 2841 884 2892 in·
965 2839 1030 2892 tm.
1051 2839 1146 2892 boias.
1170 2838 1238 2891 Cum
1257 2833 1435 2889 sollicitudine

369 2917 469 2983 victus,
486 2936 559 2972 nuuc
581 2917 695 2971 cadaver
713 2918 739 2970 in
760 2921 882 2984 tumulo;
924 2919 1034 2973 leviore.
1051 2950 1092 2961 -
1111 2919 1231 2986 Propius,
1247 2935 1333 2988 prope
1352 2916 1438 2968 abeo

364 3015 414 3068 ego
428 3017 510 3052 nurus
525 2999 614 3070 regis,
627 3017 700 3052 nunc
712 3001 831 3071 captim
844 3013 882 3064 tu,
923 3013 1036 3070 propter
1050 3017 1148 3070 quem,
1163 2997 1205 3050 vel
1217 2997 1261 3050 cui
1273 2997 1356 3049 timet.

367 3095 427 3147 spes
453 3079 585 3132 laetissima
614 3079 730 3150 potentis
758 3080 881 3153 imperii,
966 3075 1437 3149 517.Sipluoet,siitatibiridetur.

361 3175 434 3210 nnnc
449 3159 565 3212 misellus
579 3171 659 3229 atque
675 3159 789 3212 imbellis
800 3178 881 3231 puer.
969 3161 1035 3227 519.
1055 3157 1196 3226 Nefandos‚
1220 3157 1283 3226 quis
1305 3155 1438 3226 peruicio-

365 3235 517 3306 Respexisse
537 3237 646 3291 videtur
664 3239 757 3292 Ovidii
777 3241 883 3304 locum,
924 3259 980 3292 sum
991 3237 1129 3311 quiddam,
1143 3237 1238 3308 procul
1253 3234 1346 3298 dubio,
1362 3233 1440 3287 mini·

365 3315 474 3370 Heroid.
488 3319 518 3381 1,
541 3335 577 3388 97
594 3337 632 3390 sq.
651 3320 697 3372 nbi
721 3319 879 3390 Penelope:
924 3319 1114 3372 tatur—Due
1128 3317 1308 3388 Cephallenum.
1320 3317 1439 3386 Ulysses,

367 3395 459 3451 ·Tses
481 3416 573 3450 sumus
597 3397 720 3452 imbelles
745 3419 881 3466 numero,
923 3398 1000 3452 llisrd.
1016 3399 1063 3462 Il,
1086 3400 1158 3462 631,
1173 3397 1219 3468 qui
1241 3395 1440 3467 Cephallenes,

367 3474 425 3527 sine
438 3476 540 3530 viribus
558 3497 643 3541 uxor,
661 3467 822 3550 inertesque
840 3499 880 3533 se·
923 3480 1015 3532 insulse
1030 3478 1100 3531 Ionii
1115 3479 1209 3541 auaris,
1224 3475 1257 3528 sd
1269 3477 1379 3548 Trojam
1391 3475 1440 3528 du·

367 3571 436 3620 nex,
450 3555 681 3630 Telemachusque
690 3579 790 3631 puem-
923 3561 970 3613 xit.
986 3560 1073 3612 Faus.

405 3635 471 3689 511.
494 3635 559 3688 Fata
582 3641 604 3689 si
625 3643 721 3692 munros
739 3643 837 3710 jaccant.
852 3639 880 3694 Si
965 3639 1028 3693 520.
1043 3639 1144 3690 Dehisce
1158 3639 1242 3701 tellus,
1263 3635 1353 3706 pande
1365 3636 1446 3689 sinus

364 3715 506 3786 eontigerit
515 3729 544 3769 ut
558 3715 609 3770 ista
621 3732 738 3772 nostram
753 3719 880 3792 adjuvent
922 3733 994 3784 tuos,
1006 3733 1035 3772 nt
1046 3735 1130 3792 puero
1140 3719 1254 3770 latebras
1264 3717 1395 3785 prebeas.

367 3795 511 3850 miseriam.
521 3796 613 3861 Quum
624 3797 680 3851 haec
690 3797 758 3854 dicit
769 3840 776 3864 ‚
789 3803 882 3869 Astys·
965 3799 1029 3854 52¹.
1050 3799 1140 3854 Ultimo
1154 3816 1224 3869 specu
1240 3796 1378 3850 marisam,
1392 3795 1447 3847 slis·

366 3889 442 3928 nacta
463 3874 611 3930 introducit
625 3877 653 3934 in
675 3881 809 3933 tumulum
825 3881 879 3934 lle-
922 3893 1028 3952 ruptam
1043 3879 1152 3932 intimos
1169 3875 1294 3948 usquein
1309 3893 1444 3928 recessus.

366 3955 457 4010 cteris.
965 3959 1030 4014 523.
1044 3957 1142 4022 Dubio,
1154 3954 1360 4020 cunctabundo,
1375 3957 1448 4008 nihil

404 4035 471 4090 513.
486 4035 659 4100 Commissum,
675 4035 839 4110 depositum.
921 4053 1043 4112 opertum
1058 4035 1243 4109 prutendeuti.

408 4117 474 4188 5¹4·
489 4119 581 4186 (luem,
596 4116 694 4170 lilium.
704 4151 744 4162 -
754 4119 879 4174 Prodrrcot
966 4120 1032 4173 525.
1051 4119 1127 4170 Dnrcs
1141 4121 1254 4179 reinister,
1264 4127 1317 4168 etc.
1331 4118 1451 4188 Talthy-

363 4197 389 4244 r'a
402 4196 511 4250 medium.
526 4197 645 4268 Delegat.
924 4200 999 4263 hius,
1013 4195 1136 4269 Euripid.
1151 4198 1179 4252 in
1192 4194 1292 4252 de.
1308 4213 1354 4252 vs.
1370 4199 1429 4268 705
1442 4221 1447 4248 :
