3116 5172
379 511 450 586 560
660 515 718 584 ΙΝ
744 515 1168 588 ΛΟΑΜΕΜΝΟΝΕΜ

375 647 475 714 Quarto
492 645 553 720 qnia
570 648 676 699 senserit.
698 647 778 700 Certe
802 665 857 700 non
876 646 1047 714 Laomedon,
1064 649 1112 721 qni
1127 647 1208 702 semel
1228 659 1352 710 tutum,
1371 659 1398 701 et
1415 648 1441 700 in

375 727 462 800 prima
475 727 564 798 Troje
579 727 793 798 expugnatione:
808 726 894 780 multo
912 728 1001 781 minus
1021 729 1156 796 Priamus,
1176 729 1222 782 oui
1242 741 1300 782 turn
1316 727 1440 781 limoules

374 819 539 882 pepercerat
550 808 658 872 Seneoe,
671 804 770 860 Troed.
789 806 843 860 135
856 827 862 858 ε

589 919 626 966 llis
641 919 732 981 pulsate
747 917 859 967 Dardana
875 919 947 966 Graio

588 999 676 1044 anla
692 997 768 1051 l'erro.
785 999 870 1060 biaqne
882 999 1005 1062 pharetrae

527 1099 530 1106 ·
588 1081 655 1124 Paaae
672 1077 804 1124 Herculeas.

371 1211 460 1278 Qusre
473 1229 528 1264 non
540 1208 634 1265 dubito
648 1224 824 1284 transponere
836 1229 920 1266 onum
934 1229 1040 1266 rersnrn
1050 1249 1058 1278 ‚
1070 1223 1100 1264 ut
1118 1211 1171 1264 lroo
1186 1209 1269 1264 modo
1287 1223 1358 1264 totus
1370 1211 1441 1264 loeus

369 1291 518 1346 scribatur:

755 1377 790 1422 'l'e
806 1374 867 1422 duee
882 1375 931 1422 dux
947 1375 1012 1423 eadit

584 1449 689 1498 Mendax
705 1451 830 1497 Dardenin
848 1451 945 1498 domun

582 1527 615 1574 'le
632 1527 691 1574 duee
708 1523 812 1574 contidit
826 1525 924 1574 totidem
941 1526 1023 1574 diebne

582 1603 665 1664 Troia,
682 1611 742 1663 quot
756 1601 841 1655 enulae

581 1676 612 1723 Et
625 1676 696 1722 sensit
712 1691 780 1723 arsen
795 1677 878 1723 iterum
895 1675 1018 1723 timendos.

369 1825 414 1881 Bis
425 1825 544 1900 sagittis,
560 1825 667 1898 inquit,
682 1827 734 1880 tuis
747 1827 829 1898 'l'roja
851 1839 1000 1898 expugnata
1016 1837 1073 1880 est:
1086 1825 1167 1880 semel
1183 1843 1268 1898 qnnrn
1285 1825 1437 1880 laomedon

368 1903 483 1972 cecidit,
497 1923 570 1960 nunc
584 1925 667 1978 quum
685 1905 752 1977 ipsa.
768 1905 936 1960 Philocteteo
955 1906 1027 1959 eninr
1049 1906 1166 1977 respicit.
1186 1907 1226 1958 lte
1241 1919 1382 1978 utrumque
1396 1925 1437 1960 ex·

366 1986 557 2058 pugnetionenr
572 1985 681 2039 llernuli
698 1985 805 2038 tribuit·
821 1985 854 2038 Et
871 2004 954 2052 aene,
967 1986 989 2038 ri
1002 1999 1134 2058 postremo
1157 1985 1214 2038 hese
1234 1987 1371 2058 excipies,
1389 1988 1434 2040 eis

367 2065 514 2138 quidquam
526 2065 554 2118 in
564 2077 621 2119 toto
635 2065 687 2118 hoo
696 2066 779 2120 choro
792 2078 831 2119 est
841 2105 849 2132 ‚
867 2063 943 2136 quod
958 2083 1012 2118 non
1027 2065 1072 2119 alii
1088 2063 1222 2136 mgoedioe
1234 2077 1328 2136 aptere
1342 2085 1436 2138 qneaa3

368 2157 395 2199 et
407 2146 444 2198 aie
456 2163 564 2217 quoque
579 2145 608 2198 in
621 2143 720 2198 OEteo
735 2145 851 2198 Heronio
863 2159 908 2198 eut
921 2145 1036 2198 Furente
1053 2146 1141 2199 locum
1153 2143 1225 2198 dare.

409 2226 474 2281 868.
499 2227 586 2290 Eine,
605 2225 665 2297 qaid
681 2225 725 2278 lior
741 2232 799 2278 est?
825 2224 904 2278 Fern.
920 2237 947 2278 et
964 2223 1021 2280 Cei.
1049 2226 1114 2277 Heu.
1140 2223 1230 2278 Fuisse
1249 2223 1358 2279 ridetur
1379 2227 1435 2278 Heu

366 2306 424 2370 ier,
442 2319 469 2360 et
481 2305 593 2359 alterurn
607 2305 734 2360 ousiarum
745 2345 752 2368 ,
765 2323 840 2359 more
852 2303 1032 2358 librariorum.
1046 2303 1111 2358 Vid.
1123 2302 1157 2357 ad
1169 2302 1241 2358 Med.
1257 2304 1324 2376 693.
1339 2305 1436 2359 Verbis

367 2385 438 2456 (ture
449 2387 560 2437 ieeur?
573 2383 718 2440 Cassandre
734 2384 844 2456 corripit
853 2383 971 2438 animum
983 2403 1059 2438 sunm
1071 2385 1171 2438 tristem
1183 2401 1215 2438 ae
1229 2383 1432 2456 desperantem:

364 2482 444 2537 quem
460 2465 602 2518 formulam
616 2463 746 2518 illustreri
762 2463 797 2518 ad
812 2464 922 2535 ‘l'lryest
935 2471 1002 2528 lar.
1018 2465 1104 2518 Βοτι.

406 2545 472 2615 872.
493 2546 522 2596 Τ.
539 2544 572 2597 el.
589 2563 615 2596 a.
632 2545 740 2614 prunido
752 2548 835 2596 aaerrrr's
843 2544 929 2612 soror.
944 2569 955 2591 ι
965 2541 1038 2609 Quid
1051 2555 1090 2597 est
1100 2544 1175 2598 furor
1189 2542 1305 2616 provides
1320 2545 1433 2608 mensis,

364 2622 474 2678 adnotet
488 2624 644 2676 Pontanua?
663 2635 710 2676 ent
724 2621 864 2694 quomodo
880 2641 936 2678 esee
953 2623 992 2676 ihi
1012 2624 1088 2678 l'uror
1103 2623 1223 2691 dicetur,
1237 2623 1281 2676 ubi
1299 2641 1373 2676 meus
1391 2637 1432 2677 est

363 2701 476 2776 provide
488 2708 500 2754 l
510 2703 578 2755 bene
589 2702 669 2774 igitur
680 2701 857 2766 hinnulei,
869 2723 910 2774 pr.
926 2705 1008 2756 metir
1016 2704 1104 2775 pedor.
1121 2703 1207 2774 Negat
1221 2700 1362 2756 &mandra
1374 2715 1432 2756 turn

362 2801 480 2856 nnqnem
498 2781 550 2836 eibi
566 2781 636 2836 olere
654 2795 680 2836 et
695 2783 834 2855 perspicue
847 2783 936 2836 oblate
949 2782 1045 2836 sedete
1060 2797 1087 2836 et
1097 2783 1192 2836 mentis
1201 2781 1316 2854 compoti
1328 2820 1336 2848 ,
1349 2799 1433 2854 qnam

360 2879 434 2918 nune
450 2863 541 2916 lurore
562 2861 624 2916 lieet
644 2862 760 2932 pereites.
773 2887 785 2912 ι
800 2863 845 2916 Sat
863 2862 1001 2934 ingeniosa
1018 2863 1097 2916 nobie
1107 2860 1213 2916 ridetur
1226 2863 1284 2914 brec
1299 2861 1433 2932 interpre-

361 2945 445 3007 tatio,
467 2941 514 2998 sed
528 2941 660 3012 vulgatam
680 2945 833 2997 retinemus.

402 3023 470 3093 873.
489 3021 603 3075 Ostendet
615 3023 704 3076 oculu:
716 3022 803 3089 niden,
814 3035 864 3076 etc.
881 3021 938 3076 MS.
956 3022 1045 3091 8032,
1058 3034 1159 3092 puncto
1170 3018 1231 3074 sede
1244 3034 1354 3086 mureto,
1366 3017 1428 3086 dat,

361 3102 472 3156 medie.
493 3101 578 3155 Oeele'r
591 3101 683 3162 video.
696 3113 748 3156 eiu.
761 3131 801 3144 -
815 3102 850 3154 Et
858 3101 943 3169 fruor.
957 3101 1015 3156 MS.
1030 3101 1122 3167 8036,
1139 3113 1164 3152 et
1170 3101 1255 3168 furor.
1268 3099 1346 3154 Male.

402 3181 468 3252 875·
489 3179 637 3252 Speereesur.
660 3181 745 3236 Gron.
766 3207 778 3230 a
794 3181 865 3234 Flor.
882 3179 1028 3251 Spectemus.
1049 3180 1117 3234 Setis
1133 3180 1204 3233 enim
1218 3178 1326 3234 dixerat
1344 3179 1430 3234 oculis

361 3260 485 3325 ostendi,
501 3272 528 3313 et
547 3279 574 3314 se
588 3259 689 3325 videre,
703 3273 729 3314 et
744 3261 881 3326 interesse,
894 3273 921 3314 et
933 3261 1002 3325 leui,
1019 3273 1045 3314 et
1059 3260 1134 3314 nullo
1145 3259 1230 3314 dubio
1248 3260 1315 3314 falli.
1333 3260 1429 3322 Nunc,

357 3357 425 3412 age,
439 3341 540 3412 inquit,
552 3357 587 3393 ne
599 3357 653 3394 rem
666 3353 769 3411 gratum
785 3340 964 3412 spectaculum
981 3339 1051 3394 risus
1067 3339 1121 3394 nito
1136 3351 1294 3410 pretereat,
1311 3352 1428 3393 contern-

356 3420 462 3492 plernnr
473 3421 600 3484 intente,
617 3433 645 3474 et
656 3438 763 3474 omnem
776 3433 899 3472 notemus
913 3419 1035 3474 ordinem
1047 3419 1180 3476 laoinoris.
1190 3445 1201 3466 ι

398 3503 465 3570 ⁰77·
487 3499 563 3552 Orus
579 3501 662 3552 herus.
683 3500 741 3553 MS.
755 3497 827 3553 8036
838 3536 846 3563 ‚
858 3511 923 3552 orno
934 3502 1011 3554 term

396 3581 462 3635 eto.
480 3579 593 3650 Corpore.
609 3579 685 3634 MSS.
698 3583 919 3650 omues,eorporr'.

397 3659 465 3716 885.
484 3660 576 3714 Venere
586 3659 656 3727 sere.
670 3658 702 3713 ld
719 3671 773 3724 est,
787 3675 902 3731 presens
917 3677 989 3712 mors
1000 3657 1212 3729 Agamemnonis.
1228 3655 1281 3710 Sed
1297 3655 1425 3728 gmseralie

355 3738 462 3794 videtur·
479 3741 535 3794 hec
550 3739 696 3804 sententie,
716 3739 759 3792 cui
778 3739 899 3808 subjecta
912 3739 1034 3809 specialis
1056 3752 1094 3790 eat
1109 3735 1143 3790 de
1160 3738 1290 3810 sunguine
1310 3735 1423 3790 domini.

352 3820 467 3890 lemque
479 3821 567 3874 minus
580 3816 752 3872 commodum
766 3819 860 3870 Vertere
867 3818 943 3885 sore,
959 3817 1033 3890 queri
1046 3815 1166 3870 nondum
1181 3817 1317 3882 venerint,
1328 3818 1424 3887 qnihne

352 3917 443 3952 everas
452 3900 536 3976 Trojn
547 3901 596 3954 luit
605 3937 614 3962 ‚
623 3911 648 3951 et
661 3899 717 3970 ipae
730 3910 801 3952 rates
813 3895 961 3952 edductein
973 3899 1138 3952 servitutenr'.
1148 3897 1238 3962 Quare
1251 3897 1344 3950 melirn
1361 3891 1423 3948 Ver·

353 3989 402 4031 tere
409 3980 479 4047 sote.
492 3979 580 4051 Supra
597 3995 650 4031 aar
666 3997 673 4030 ε

564 4091 642 4152 liquos
659 4100 682 4136 et
695 4105 759 4138 arma
773 4090 932 4151 classibusque
948 4089 1045 4136 horrens
1062 4087 1147 4134 fretum

566 4167 687 4226 Propone.
704 4175 726 4212 et
742 4165 791 4212 nlto
803 4164 917 4224 sanguine
933 4163 1054 4210 ernedsus
1071 4163 1162 4215 solnm.
