3116 5172
369 532 440 609 556
647 539 701 608 IN
727 538 1162 611 AGAMEMNONEM

366 687 427 740 pag.
440 669 493 740 7⁵.
506 667 553 723 ted
567 669 725 723 relutatuaa
739 671 889 737 Dorvillio,
907 670 952 743 qui
972 693 983 715 ι
992 669 1160 742 Halcycuea,
1179 668 1284 740 iuquit,
1301 687 1362 740 que
1376 671 1435 722 net·

368 747 464 819 confine
470 747 605 813 dicuutur,
618 764 645 805 et
652 751 748 822 pavida
755 749 812 806 dici
825 762 961 823 poscunt·
974 748 1026 804 Sed
1041 750 1147 812 obstat,
1164 747 1260 802 dixerit
1272 787 1280 813 ,
1290 768 1343 802 rox
1358 750 1434 802 uede-

368 848 414 881 eea.
429 831 463 884 At
481 848 514 883 eo
528 829 586 900 ipau
600 844 661 885 aunt
672 830 790 895 audam,
804 831 883 903 quia,
894 831 957 884 licet
971 855 982 877 ·
993 830 1061 884 male
1070 827 1208 884 confidant
1223 827 1290 882 tueri
1303 831 1434 900 tranquil·

368 907 412 974 lo,
428 935 439 956 ·
461 909 523 963 licet
545 923 721 982 «parcccaut,
741 910 808 964 dutu
831 910 983 964 concutitur
1002 909 1127 964 lluctibue
1145 906 1238 972 nidus,
1258 921 1346 964 temen
1366 909 1434 962 letua

368 1006 430 1041 auoa
451 988 541 1044 t‘overc
560 1002 675 1062 pergunt
691 989 878 1054 audaciadure,
888 1015 900 1038 ι
917 989 945 1043 id
956 1001 1011 1056 eat,
1019 989 1100 1057 sortes
1111 991 1161 1040 aine
1167 988 1301 1056 felicitate,
1323 1001 1356 1042 ut
1366 1007 1435 1059 repe

367 1066 440 1141 apud
452 1069 595 1140 Virgilium
609 1070 678 1124 bauo
691 1087 785 1124 rocem
798 1071 992 1141 iuterpretatur
1005 1069 1121 1124 Serriue.
1133 1069 1204 1121 Tum
1217 1081 1307 1122 autem
1321 1068 1435 1122 maxime

366 1149 443 1218 queri
459 1148 587 1202 credibile
605 1162 644 1203 eet
663 1149 827 1222 Halcyouae,
838 1167 922 1222 quum
936 1147 993 1202 uidi
1007 1147 1137 1204 fluctuum
1149 1147 1304 1202 violentiam
1319 1148 1435 1201 maxime

366 1229 548 1298 experiantur,
560 1229 601 1282 rel
611 1231 665 1300 jam
678 1229 758 1282 ablati
773 1229 837 1284 rint.
849 1230 894 1284 stc
907 1228 1092 1284 Albiuoaauue
1106 1227 1210 1281 Liviam
1226 1228 1362 1299 lugentem
1373 1227 1437 1282 liel-

367 1307 501 1378 cyuuibua
514 1320 605 1381 reptoa
617 1326 631 1361 a
644 1309 731 1362 reutie
744 1308 824 1364 nidor
837 1305 1048 1362 deciderautibue
1061 1319 1215 1380 comparat,
1228 1325 1254 1362 r.
1272 1325 1323 1361 tn
1336 1324 1345 1360 :

566 1427 713 1490 lalcyouum
728 1429 785 1476 talea
801 1439 896 1476 reutoea
913 1444 958 1491 per
973 1443 1066 1490 equora
1084 1437 1179 1490 querum

601 1509 639 1555 tt
654 1508 753 1564 eurdaa,
771 1511 836 1555 teuui
853 1523 925 1563 voce,
947 1517 1060 1555 tonantur
1076 1522 1154 1569 aquae.

370 1603 438 1672 Ubi,
450 1605 519 1660 elcut
534 1605 600 1670 bic,
621 1619 674 1660 trea
691 1618 840 1679 quatuorve
855 1603 1068 1678 comparutiouee
1080 1602 1242 1658 adhibentur
1254 1602 1287 1658 nd
1299 1604 1433 1676 iugeutem

365 1685 468 1739 luctum
482 1683 669 1742 declarandum
683 1704 690 1740 ι
711 1703 771 1758 qun
783 1683 942 1757 displicere,
953 1697 1051 1757 pretet·
1063 1685 1229 1756 poeticarum
1244 1683 1434 1756 elegantiarum

364 1763 495 1831 rudibus,
513 1766 615 1820 nemini
637 1779 756 1838 poscunt.
778 1765 831 1820 sed
849 1766 937 1820 locum
957 1765 1030 1819 bunc
1051 1763 1158 1818 Senecae
1179 1761 1316 1818 vindicare
1330 1763 1436 1817 ridetur

368 1845 428 1898 Vel.
443 1844 565 1912 Flaccus,
578 1848 625 1918 qui
637 1843 730 1900 eudem
745 1843 826 1898 modo
835 1845 1018 1918 Halcyonibue
1029 1844 1156 1897 audaciam
1162 1864 1321 1918 pavoremque
1330 1843 1434 1896 tribuit.

366 1923 453 1980 locut
465 1925 673 1996 elegantiuimua
685 1937 769 1979 enatat
781 1924 829 1978 lib.
848 1925 900 1991 IV,
920 1944 960 1981 ra.
983 1930 1030 1990 44,
1046 1924 1092 1978 ubi
1110 1923 1236 1977 Herculea
1258 1942 1308 1995 per
1318 1924 1434 1996 quietem

366 2001 463 2075 Hylam
478 2004 588 2072 rident,
603 2008 660 2078 ejua
669 2006 820 2076 amplexum
837 2004 935 2059 iruatra
948 2005 1033 2078 petit,
1047 2016 1074 2058 et
1087 2003 1127 2057 bia
1143 2004 1235 2057 aribut
1247 2016 1435 2075 comparatum

369 2101 449 2154 quem
467 2085 570 2152 confer,
582 2086 603 2138 ei
618 2087 713 2157 placet.

407 2166 474 2233 689.
486 2165 589 2218 Pectora
603 2185 693 2229 muco,
711 2173 763 2220 etc
781 2163 956 2219 Grouoaim=
973 2190 985 2212 ι
1000 2162 1106 2236 Lipsiua
1123 2161 1242 2234 agnoscit
1259 2161 1294 2216 de
1317 2161 1382 2215 tibia
1402 2180 1433 2216 ex

366 2242 438 2296 buxo
451 2244 508 2300 bec
521 2245 607 2317 accipi
621 2263 697 2316 pocae
709 2265 715 2296 :
729 2258 817 2299 temen
834 2243 1004 2298 occultiorem
1027 2243 1109 2298 ritum
1128 2242 1224 2314 preire
1240 2242 1410 2296 membranae
1425 2261 1432 2294 ι

366 2323 470 2376 Pectora
487 2345 561 2378 muco
582 2327 674 2378 concita
694 2323 759 2378 lucc
773 2325 850 2379 Ferit.
869 2323 967 2378 Solitoa
988 2323 1090 2396 quippe
1104 2323 1234 2378 fanaticos
1254 2335 1365 2394 pectora
1384 2323 1434 2374 eibi

367 2401 480 2456 tundere
497 2405 564 2478 piuu
586 2417 632 2458 aut
651 2405 733 2472 buxo.
752 2403 822 2458 lluic
846 2403 946 2457 tmicua
966 2403 1018 2456 hoc
1040 2403 1162 2473 reponit,
1188 2401 1278 2454 burun
1291 2402 1370 2470 serit,
1384 2401 1433 2454 bu·

366 2499 428 2536 xeae
438 2483 516 2537 tibica
529 2483 604 2538 iuilat
614 2502 621 2537 t
633 2484 671 2538 aio
687 2483 754 2539 Stat.
777 2484 816 2538 tic
829 2481 992 2538 Claudianus
1009 2481 1092 2536 etalii
1106 2481 1165 2535 buci
1176 2483 1271 2536 rocula
1284 2483 1343 2536 uti:
1358 2481 1433 2534 buxo

364 2561 403 2614 illi
418 2564 562 2629 canebant,
582 2561 629 2616 ced
652 2564 719 2634 pinu
739 2577 846 2635 pectora
866 2560 1015 2617 illidebant.
1036 2561 1070 2615 Et
1089 2579 1151 2616 arne
1170 2563 1288 2634 peccavit
1312 2561 1433 2632 Lipeiue,

363 2659 447 2712 quum
459 2641 538 2696 etiem
552 2642 623 2694 buxo
637 2643 740 2712 putruit
755 2661 816 2696 uene
825 2640 860 2695 ad
874 2640 1010 2696 tundenda
1023 2654 1140 2712 pectora.
1153 2641 1206 2696 Sed
1222 2643 1305 2695 libent
1316 2642 1432 2693 iuterro-

363 2739 423 2792 gem
440 2720 545 2776 Seuere
556 2721 742 2792 interpretem,
755 2723 801 2775 ubi
814 2722 906 2792 legerit
911 2721 1110 2792 serirefistulam,
1123 2721 1222 2786 tibiam,
1235 2723 1335 2783 burn,
1348 2719 1430 2784 loton,

363 2819 450 2854 annor
458 2841 466 2866 ,
477 2801 630 2868 arundinem
646 2820 696 2871 pro
709 2799 823 2856 iuflurci
834 2799 897 2856 deiu
912 2801 958 2874 qui
969 2801 1055 2855 bttula
1069 2813 1177 2854 cantatur
1191 2816 1237 2854 aut
1251 2801 1312 2854 tibia
1323 2817 1434 2871 prome·

361 2881 463 2948 tuterit,
473 2893 503 2936 ut
516 2885 574 2954 ejua
584 2891 676 2952 peclua
684 2901 781 2934 raucum
792 2880 916 2935 dicatur?
926 2881 961 2935 bt
973 2881 1059 2934 ducum
1066 2900 1179 2942 κιισιιιιι,
1192 2895 1222 2934 ut
1233 2901 1308 2933 muco
1317 2879 1432 2938 ducein,

363 2981 437 3014 reuco
444 2965 785 3033 cornuocuntumucoaipnu
793 2961 1130 3032 tuboe.Propert.111,vttr,
1138 2959 1188 3012 23:
1201 2987 1212 3008 ι
1223 2961 1289 3014 tibia
1296 2957 1431 3013 nocturnis

362 3041 738 3096 succumbetraucaclroreie.·
756 3042 862 3094 Turbam
873 3038 980 3114 quidem
987 3041 1059 3094 illam
1068 3039 1429 3111 mucnpcctcmbucunferiea·

364 3133 410 3174 tem
425 3121 498 3174 nulla
516 3121 585 3176 ratio
605 3121 672 3174 lert:
687 3133 713 3174 at
728 3121 756 3174 in
774 3121 820 3174 illo
834 3121 1046 3174 membranarum
1065 3119 1142 3173 toties
1160 3117 1348 3173 fidissimarum
1366 3119 1430 3172 ecri-

360 3213 437 3272 ptura
452 3219 592 3272 pontumue
608 3200 754 3272 intelligere
766 3199 886 3254 eamdem
904 3200 996 3252 turben
1013 3217 1068 3252 uon
1082 3200 1153 3252 buxo
1165 3199 1305 3252 ferientem
1317 3217 1431 3270 corpora

359 3280 477 3346 concita,
488 3278 533 3332 tcd
544 3281 671 3348 ferientem
690 3279 774 3352 (pinu
784 3275 898 3352 nempe)
906 3290 1006 3350 pectora
1019 3282 1112 3331 concita
1126 3291 1292 3332 conaternnta
1309 3291 1336 3331 et
1349 3279 1376 3332 iu
1391 3279 1432 3332 iu·

358 3377 447 3412 roretn
460 3371 515 3412 acta
528 3358 600 3423 bueo,
610 3377 654 3412 eeu
670 3359 733 3413 tibin
743 3359 859 3425 luricae,
873 3371 904 3412 ut
916 3357 999 3412 Orid.
1013 3357 1128 3429 appellat
1141 3377 1155 3412 e
1169 3359 1242 3412 buxo
1255 3379 1262 3410 ι
1274 3359 1310 3412 ita
1323 3359 1429 3412 tollitur

359 3437 447 3491 omnia
458 3437 616 3492 difficulter:
632 3453 658 3492 et
671 3439 723 3493 boc
734 3439 817 3495 tenuit
828 3437 908 3492 etiam
920 3437 1046 3511 Scaliger.
1056 3437 1109 3492 Sed
1118 3437 1139 3490 ai
1155 3438 1272 3492 Florent.
1285 3436 1431 3504 audimus,

358 3517 457 3570 Seuera
468 3518 637 3572 brachiorum
657 3519 815 3577 laceratione
829 3529 969 3571 ouuteutue
981 3517 1048 3583 luit,
1060 3517 1139 3590 pinua
1149 3516 1294 3589 impulsum
1314 3517 1361 3570 bic
1378 3537 1429 3570 me·

357 3615 461 3650 morare
475 3599 650 3668 pretermiait.
672 3598 739 3652 Nam
759 3617 839 3671 auper
850 3597 922 3668 Lipa.
938 3597 1113 3652 mutationem
1129 3616 1178 3669 pro
1189 3597 1344 3666 seritbabea
1351 3599 1426 3664 sarit.

356 3675 424 3741 Quo
439 3677 542 3730 turritae
553 3678 630 3731 matri
642 3677 745 3732 inritet
760 3677 903 3732 bacchatur
915 3677 1018 3732 concite
1036 3689 1144 3749 pectora
1158 3677 1199 3730 vel
1216 3690 1320 3730 menter
1342 3677 1427 3730 buxo.

356 3756 400 3810 sic
419 3775 505 3810 cerruo
525 3757 608 3828 magii
627 3771 665 3811 eat
681 3757 810 3829 poeticua.
825 3757 946 3812 statiua:
966 3756 1066 3810 ealium
1084 3756 1152 3818 tibi,
1170 3756 1288 3819 bacche,
1308 3757 1429 3810 furorem

355 3835 371 3886 J
375 3837 458 3890 urari.
470 3864 481 3884 ι
502 3837 561 3891 Hoc
577 3837 660 3908 igitur
676 3849 822 3892 teneamur.
843 3837 935 3892 Statim
957 3835 1052 3891 idem:
1073 3837 1156 3908 lugeat
1171 3839 1261 3902 Attin,
1274 3855 1332 3889 nou
1346 3837 1428 3910 Atye.

357 3915 424 3970 vid.
438 3918 501 3970 Not.

395 3999 462 4064 692.
479 3999 546 4066 Quin
559 3997 761 4068 punpotimuru.
774 4015 805 4048 ra.
818 3996 875 4050 MS.
886 3995 975 4068 7377,
991 4021 1002 4044 ι
1015 4012 1127 4068 quaeque
1142 3994 1280 4067 patiturr.
1296 4013 1333 4050 ru.
1350 4021 1362 4044 ι

396 4081 462 4145 694.
475 4074 578 4147 Superos
586 4089 675 4147 putem.
687 4075 731 4129 Sic
742 4077 817 4131 Flor.
828 4075 895 4141 Alii,
906 4095 969 4140 reor,
982 4075 1059 4128 litera
1075 4095 1089 4126 r
1102 4073 1293 4146 frequentiore.

396 4174 459 4226 7⁰¹·
479 4157 560 4210 Turba
566 4157 677 4224 fraterni
687 4159 779 4228 gregia.
800 4155 925 4228 Plerique
939 4157 1016 4210 MSS.
1033 4167 1050 4208 t.
1061 4157 1170 4223 fratrum
1182 4173 1222 4225 gr.
