3124 5162
397 491 924 583 rmntnvmsrouns.
1122 517 1192 604 tls»

172 663 235 714 ¹97·
247 644 275 706 1,
290 659 386 713 querere
399 640 504 694 Coreto.
516 641 559 694 Sic
570 641 636 694 libb.
648 653 711 696 vett.
725 655 752 695 et
763 642 946 698 MSS.ornnes.
955 641 1006 696 Sed
1017 645 1122 700 Cotum.
1136 675 1146 696 ι
1161 651 1188 716 Ι,

128 741 217 794 quaere
231 721 353 776 Colchos.
362 746 373 768 ι
386 751 426 763 --
437 721 527 786 Ferat,
539 721 651 785 auferat,
662 722 763 776 avehat.
774 722 891 793 Simplex
902 741 951 792 pro
964 726 1118 794 composito.
1127 728 1190 781 Vir·

127 804 226 872 gilius:
245 827 256 848 ι
270 801 366 854 Omnia
383 800 434 854 lert
449 813 516 854 otas.
528 827 539 847 ι
557 801 656 854 Lucan.
675 803 715 867 ll,
732 819 768 854 vs.
784 806 855 862 461:
872 828 920 854 ι...
930 801 1090 876 dubiamque
1109 805 1188 862 fidem

128 879 236 934 fortuna
249 881 356 932 serebat.
370 903 381 926 ι
398 879 484 932 Banu.

173 961 237 1028 198.
259 960 316 1010 Vos
337 963 480 1020 comtituto,
502 971 549 1012 etc.
574 959 651 1012 MSS.
673 978 764 1012 omnes
787 973 812 1014 et
834 962 969 1031 Interpres
989 973 1080 1027 vetus,
1104 991 1115 1012 ι
1129 966 1188 1018 Noa

127 1039 272 1092 constituto
284 1057 350 1102 sera,
364 1063 375 1085 ι
392 1037 487 1101 idest,
500 1039 590 1090 ultima
603 1039 689 1100 verrit,
699 1041 767 1092 ultra
779 1058 856 1110 quam
869 1041 911 1093 luc
926 1041 1025 1093 lraerere
1037 1061 1089 1094 non
1106 1058 1188 1114 potes.

128 1120 197 1184 Qnss
213 1116 322 1188 quidem
338 1117 538 1186 interpretatio,
562 1117 598 1168 nit
613 1116 809 1182 Comrnslinus,
829 1119 893 1172 mihi
908 1139 1073 1190 nequaqnam
1089 1123 1188 1176 satissa·

129 1199 165 1250 cit
180 1216 186 1247 ι
201 1196 308 1248 volebat
322 1197 391 1248 enim
408 1197 511 1262 Creon,
532 1209 561 1248 ut
576 1197 663 1248 statim
683 1195 829 1252 discederet
843 1197 950 1260 Medeam
970 1212 995 1250 et
1011 1199 1132 1261 demum,
1148 1221 1187 1256 rs.

133 1276 201 1346 295,
213 1298 224 1320 ι
233 1276 323 1328 Unum
335 1273 453 1347 parando
464 1275 588 1348 impetrat
599 1277 689 1328 exsilio
701 1276 782 1329 diem.
790 1303 801 1324 ι
817 1279 892 1330 Prior
907 1279 984 1330 lectio
995 1281 1120 1350 apertior,
1130 1301 1154 1352 q.
1162 1281 1189 1336 d.

130 1355 307 1426 expostulatio
318 1355 362 1406 illa
376 1368 420 1407 tus
434 1375 490 1407 sera
503 1353 587 1418 venit,
596 1356 649 1423 jam
664 1355 714 1408 lata
730 1358 867 1409 sententia.

173 1452 237 1488 aot.
249 1435 354 1486 Auditus
367 1455 383 1484 α
395 1447 417 1484 te
431 1435 509 1496 Pelia,
519 1447 568 1486 etc.
579 1433 662 1486 Gron.
675 1457 686 1478 s
698 1434 768 1498 Cur,
785 1436 885 1506 inquit,
900 1435 996 1487 nuditus
1012 1457 1027 1488 a
1043 1443 1085 1488 ts?
1096 1439 1190 1510 Neque

130 1513 202 1566 enim
216 1513 297 1584 periit
309 1513 393 1577 Pelia,
409 1513 470 1584 quia
489 1511 595 1565 auditus
612 1525 650 1565 est
665 1532 679 1565 a
698 1512 807 1578 Medea,
823 1513 868 1567 sed
880 1515 941 1586 qqis
955 1513 1040 1567 audiit
1053 1516 1189 1584 Medeam,

131 1606 157 1645 et
176 1593 326 1663 supplicem
345 1593 454 1662 recepit.
477 1593 573 1645 Utrum
596 1593 676 1662 igitur
697 1593 813 1644 auditor?
823 1593 986 1665 ¹Apollonius
1001 1594 1131 1650 'Rhodius
1155 1597 1188 1652 ad

130 1673 220 1743 Apoll.
231 1673 282 1736 IV,
294 1675 380 1741 1706:
393 1673 451 1728 aban
466 1668 496 1726 di
506 1672 562 1724 κατ’
575 1674 673 1742 οὐρανοῦ
687 1673 736 1726 lass
751 1676 843 1743 alapae
860 1664 941 1744 ῥίμφα
957 1675 1107 1737 Μελαντίους
1122 1679 1190 1748 ἀριή-

131 1771 195 1811 ιως.
210 1754 251 1803 An
269 1751 365 1802 nuditus
384 1751 558 1822 vult,ipsum
576 1751 666 1804 Pelian
685 1765 821 1816 orantem,
840 1767 869 1806 ut
885 1752 935 1804 sibi
953 1765 1067 1806 mutaret
1087 1767 1189 1810 aetatem

131 1829 241 1896 Medea,
252 1830 285 1881 ab
300 1848 330 1882 ea
346 1829 433 1882 audiri
447 1843 472 1882 et
485 1832 519 1882 ab
531 1843 634 1883 exorata
648 1830 769 1884 simulate
785 1833 951 1885 interfectura
962 1837 973 1882 t
984 1831 1041 1884 lloc
1059 1851 1112 1886 non
1126 1835 1190 1890 dicit

131 1909 236 1974 fabula,
256 1907 302 1961 sed
325 1909 407 1980 ipssm
428 1911 502 1980 quusi
523 1909 669 1980 supplicem
691 1909 793 1964 audisse
815 1929 846 1964 ac
863 1912 1014 1981 suscepisse.
1033 1913 1186 1985 Numquid:

131 1987 261 2052 -sudiir,
277 2000 327 2040 eta
344 2001 369 2042 te
386 1990 457 2041 Pelia
473 1989 632 2060 supplicium
647 1989 716 2041 tulit.
728 2015 739 2035 ι
758 2016 769 2037 ι
781 1989 816 2041 Ηί
840 2004 925 2043 motus
945 1991 1094 2045 animorum
1112 2007 1189 2064 atque

131 2069 187 2120 bec
199 2065 309 2120 exordia
322 2081 393 2121 tanta
405 2067 524 2122 Pulveris
536 2068 623 2138 exigui
635 2071 706 2138 jactu
722 2087 869 2139 compresso
884 2070 1043 2140 quiescent.-
1055 2074 1203 2127 Mesatis-¹

129 2166 193 2200 nam
204 2145 271 2200 edit.
285 2148 439 2216 inspexisset
450 2150 490 2200 vir
501 2145 681 2213 doctissimus,
693 2147 758 2200 nibil
771 2147 925 2200 mutandum
938 2166 993 2201 esse
1004 2149 1188 2207 intellexisset:

129 2245 193 2280 nam
210 2227 249 2278 ibi
264 2226 320 2278 haec
336 2239 374 2278 est
393 2225 581 2297 interrogatio,
604 2239 633 2278 ut
652 2245 707 2279 esse
725 2224 812 2280 debet.
832 2227 924 2280 Audiri
941 2228 999 2280 vult
1016 2227 1125 2296 Medea;
1143 2234 1189 2286 cui

130 2307 243 2360 Creon:
260 2305 332 2358 Num
349 2318 377 2358 tu
396 2304 492 2359 audisti
504 2305 610 2369 Pelian,
630 2318 768 2376 antequem
783 2307 909 2376 punires?
926 2306 969 2360 Sic
989 2307 1187 2378 interpretando

130 2386 166 2438 V.
183 2387 216 2437 D.
230 2403 354 2454 anonym.
368 2385 396 2438 in
413 2385 490 2438 Obss.
507 2385 581 2437 misc.
595 2396 660 2436 torn.
673 2385 700 2449 Ι,
711 2403 771 2456 pag.
786 2386 836 2455 73,
850 2385 1017 2440 difficultates
1028 2405 1043 2438 a
1053 2387 1191 2444 Gronorio

129 2476 218 2518 motas
232 2465 345 2536 repulit,
365 2483 414 2534 per
426 2465 557 2518 ironiam:
576 2463 648 2534 quasi
670 2476 697 2516 tu
713 2463 828 2518 audieris
840 2465 929 2519 Pelian
943 2483 992 2536 pro
1005 2483 1032 2520 se
1046 2465 1190 2535 dicentem,

129 2556 274 2614 antequam
287 2543 456 2598 interficeres.
469 2543 541 2596 Nihil
556 2543 669 2614 plsnins.
680 2544 763 2598 Bona.

173 2630 238 2686 ²⁰4·
250 2623 332 2676 Putet.
349 2624 401 2677 Pro
413 2635 482 2694 putet
496 2641 588 2676 omnes
603 2623 679 2676 MSS.
697 2636 724 2677 et
739 2622 826 2696 AEqid.
839 2635 946 2694 ponunt
962 2637 1041 2696 caput.
1055 2625 1129 2691 Quid
1142 2628 1193 2682 sibi

127 2703 189 2756 vult
201 2704 251 2755 ista
263 2702 358 2756 lectio?

171 2801 238 2836 ato.
250 2782 354 2836 Dsdtrxt.
365 2783 420 2834 MS.
434 2785 522 2847 8⁰²8,
534 2783 614 2836 educi.

174 2866 242 2924 214.
257 2862 384 2935 Quidquid
393 2873 486 2914 esemel
500 2862 590 2915 cohors.
611 2863 763 2916 Gronovius
775 2873 878 2914 exterres
890 2861 991 2927 edidit,
1008 2862 1192 2918 Florentinum

126 2952 269 3012 seqnmru.
285 2941 345 2994 Non
363 2941 434 2994 enirn
455 2943 603 2994 Amazones
625 2960 670 2994 rus
687 2941 841 2994 exercuisse.
862 2939 914 2994 Sed
937 2959 1000 2995 usus
1020 2943 1094 2994 verbi
1116 2944 1194 2996 latins

126 3033 213 3090 patet.
227 3019 344 3072 Avienus
357 3021 385 3074 in
400 3020 538 3090 Periegesi,
547 3038 586 3071 vs.
595 3020 670 3074 858:
684 3047 695 3068 ι
742 3019 833 3089 longas
843 3031 935 3072 exercet
947 3019 1064 3072 Sarmata
1080 3022 1166 3075 silvas.
1178 3049 1189 3069 s

127 3099 190 3152 Ubi
205 3098 427 3154 Wernsdorlius:
448 3126 460 3147 ι
471 3099 581 3152 Nullum
596 3098 707 3152 dubium
720 3110 773 3163 est,
788 3099 900 3151 verbam
912 3118 1018 3150 exemere
1029 3101 1113 3170 poetis
1124 3099 1194 3156 idem

126 3197 189 3232 esse
201 3195 232 3230 ac
245 3179 339 3231 crebro
356 3197 483 3249 usurpare
500 3191 526 3230 et
541 3179 721 3249 frequentare,
741 3195 772 3230 ac
785 3175 819 3229 de
833 3179 907 3230 omni
921 3197 984 3244 usu,
998 3177 1102 3233 actione
1116 3193 1142 3234 et
1155 3199 1197 3234 rs·

125 3259 207 3311 tione
220 3257 281 3310 vite
299 3257 436 3321 sdhiberi,
450 3257 704 3328 intelligendumque
718 3276 773 3310 esse
786 3276 836 3327 pro
849 3255 968 3327 adjuncti
979 3257 1088 3311 ratione.
1101 3262 1193 3330 ltaque
1219 3241 1226 3264 ‘

126 3337 183 3391 etsi
197 3337 438 3408 frequentissimum
452 3351 491 3390 est
509 3355 653 3390 «exercere
667 3344 780 3400 tetram,
792 3355 870 3402 arra,
889 3336 998 3390 solum·
1018 3335 1052 3389 de
1066 3339 1195 3408 agricola·

125 3417 223 3480 tione,
238 3429 268 3468 ut
280 3436 318 3470 vs.
332 3421 399 3478 461,
422 3417 493 3470 1023
504 3437 509 3468 ι
522 3435 576 3468 non
590 3417 678 3468 minus
693 3427 780 3468 tamen
792 3429 863 3468 recte
877 3429 903 3468 et
914 3416 1008 3469 usitate
1019 3414 1117 3470 dicitur
1128 3438 1197 3470 exer·

124 3516 185 3548 cere
197 3496 282 3558 silem,
302 3493 337 3548 de
351 3493 454 3548 assiduo
474 3496 502 3548 in
524 3496 595 3548 silvis
610 3495 743 3558 discursu,
767 3495 872 3556 labore,
888 3506 1001 3560 venatu,
1016 3496 1197 3562 habitatione,

124 3574 272 3646 pastione,
289 3575 393 3646 alioque
404 3587 465 3627 actu
476 3576 554 3627 ritae:
568 3573 704 3645 quomodo
713 3571 747 3624 de
756 3573 877 3644 Massylis
889 3573 994 3638 Noster,
1005 3593 1064 3645 sup.
1075 3595 1111 3638 rs,
1127 3579 1196 3640 a84:

127 3683 140 3701 .
157 3672 237 3707 nunc
251 3653 327 3706 silvas
340 3655 409 3707 inter
424 3655 550 3706 oberrant
568 3654 733 3724 conjugibus
741 3651 867 3723 natisque
884 3653 970 3705 simul.
984 3680 996 3700 ι
1012 3655 1123 3725 Proprie
1138 3657 1198 3726 qui·

122 3733 196 3787 dem
208 3751 249 3786 res
263 3745 289 3784 et
304 3734 418 3785 rationes
432 3746 599 3798 exercentur,
615 3731 660 3785 sed
671 3744 747 3804 poeta
761 3731 839 3784 etiam
852 3732 943 3784 locum
963 3745 990 3784 et
1004 3745 1123 3802 tempus,
1137 3735 1197 3806 qui·

121 3815 183 3867 bns
196 3830 239 3864 res
252 3807 377 3882 aguntur,
391 3811 506 3865 exerceri
519 3811 592 3864 dicit.

174 3894 244 3946 ²18.
256 3893 338 3944 Praei.
351 3891 406 3944 MS.
421 3893 512 3956 8260,
526 3895 583 3942 uiri.

173 3973 244 4026 226.
258 3969 371 4024 Groecr'ae.
384 3971 454 4022 Dant
467 3989 558 4022 omnes
571 3969 645 4022 MSS.
653 3971 750 4039 gloriae.

174 4051 245 4104 236.
261 4051 313 4102 Ine.
327 4069 352 4101 n.
368 4062 393 4100 et
409 4063 493 4101 curtata
504 4051 611 4118 flagitio.
634 4051 701 4100 Sane
717 4049 800 4112 hene,
815 4050 851 4101 nit
862 4050 985 4120 Lipsius:
1003 4062 1088 4102 tamen
1106 4048 1133 4100 in
1146 4061 1198 4101 vet.
1209 4085 1221 4107 .

120 4128 194 4184 cod.
214 4143 252 4182 est
274 4141 359 4180 cuncto
369 4131 475 4198 flamina
490 4149 499 4180 :
517 4127 582 4198 quid
599 4129 619 4179 si
628 4129 758 4194 fulminas
780 4127 851 4180 baud
869 4129 988 4196 improbe
1006 4125 1040 4178 de
1052 4127 1130 4196 regiis
1146 4127 1201 4178 istis

120 4227 222 4264 manas.
