<?xml version="1.0" encoding="UTF-8"?>
<!DOCTYPE html PUBLIC "-//W3C//DTD XHTML 1.0 Transitional//EN"
    "http://www.w3.org/TR/xhtml1/DTD/xhtml1-transitional.dtd">
<html xmlns="http://www.w3.org/1999/xhtml" xml:lang="en" lang="en">
 <head>
  <title>
</title>
<meta http-equiv="Content-Type" content="text/html;charset=utf-8" />
  <meta name='ocr-system' content='tesseract 3.04.00' />
  <meta name='ocr-capabilities' content='ocr_page ocr_carea ocr_par ocr_line ocrx_word'/>
</head>
<body>
  <div class='ocr_page' id='page_1' title='image "./lannsenecparste01piergoog_0229.png"; bbox 0 0 3042 5156; ppageno 0'>
   <div class='ocr_carea' id='block_1_1' title="bbox 359 451 1064 568">
    <p class='ocr_par' dir='ltr' id='par_1_1' title="bbox 359 451 1064 568">
     <span class='ocr_line' id='line_1_1' title="bbox 359 451 1064 568; baseline 0.003 -5"><span class='ocrx_word' id='word_1_1' title='bbox 359 493 428 563; x_wconf 78' lang='lat' dir='ltr'>2t6</span> <span class='ocrx_word' id='word_1_2' title='bbox 733 500 788 568; x_wconf 83' lang='lat' dir='ltr'>tu</span> <span class='ocrx_word' id='word_1_3' title='bbox 811 451 1064 568; x_wconf 79' lang='lat' dir='ltr'>onntruu</span> 
     </span>
    </p>
   </div>
   <div class='ocr_carea' id='block_1_2' title="bbox 354 627 1519 1122">
    <p class='ocr_par' dir='ltr' id='par_1_2' title="bbox 354 627 1519 1122">
     <span class='ocr_line' id='line_1_2' title="bbox 354 627 1414 701; baseline 0.005 -23"><span class='ocrx_word' id='word_1_4' title='bbox 354 637 480 680; x_wconf 80' lang='lat' dir='ltr'>exsut-et:</span> <span class='ocrx_word' id='word_1_5' title='bbox 498 627 593 681; x_wconf 70' lang='lat' dir='ltr'>anullo</span> <span class='ocrx_word' id='word_1_6' title='bbox 612 645 673 700; x_wconf 77' lang='lat' dir='ltr'>pers</span> <span class='ocrx_word' id='word_1_7' title='bbox 694 629 830 684; x_wconf 80' lang='lat' dir='ltr'>immunis.</span> <span class='ocrx_word' id='word_1_8' title='bbox 842 655 854 679; x_wconf 76' lang='grc' dir='ltr'>ι</span> <span class='ocrx_word' id='word_1_9' title='bbox 869 631 979 700; x_wconf 84' lang='lat' dir='ltr'>luque,</span> <span class='ocrx_word' id='word_1_10' title='bbox 996 645 1031 682; x_wconf 88' lang='lat' dir='ltr'>ne</span> <span class='ocrx_word' id='word_1_11' title='bbox 1044 639 1251 699; x_wconf 80' lang='lat' dir='ltr'>meretrcrsus,</span> <span class='ocrx_word' id='word_1_12' title='bbox 1267 627 1414 701; x_wconf 79' lang='lat' dir='ltr'>interjocare</span> 
     </span>
     <span class='ocr_line' id='line_1_3' title="bbox 355 707 1519 774; baseline 0.003 -18"><span class='ocrx_word' id='word_1_13' title='bbox 355 707 424 774; x_wconf 67' lang='lat' dir='ltr'>ugni</span> <span class='ocrx_word' id='word_1_14' title='bbox 433 719 618 770; x_wconf 84' lang='lat' dir='ltr'>,correctores</span> <span class='ocrx_word' id='word_1_15' title='bbox 634 707 745 763; x_wconf 85' lang='lat' dir='ltr'>libmrii.</span> <span class='ocrx_word' id='word_1_16' title='bbox 1518 761 1519 764; x_wconf 65' lang='grc'><strong>,</strong></span> 
     </span>
     <span class='ocr_line' id='line_1_4' title="bbox 359 783 1412 916; baseline 0 -78"><span class='ocrx_word' id='word_1_17' title='bbox 359 783 448 916; x_wconf 50' lang='lat' dir='ltr'>fibi}-</span> <span class='ocrx_word' id='word_1_18' title='bbox 461 785 620 858; x_wconf 74' lang='lat' dir='ltr'>Pinnamque.</span> <span class='ocrx_word' id='word_1_19' title='bbox 634 787 725 860; x_wconf 75' lang='lat' dir='ltr'>Vulgo</span> <span class='ocrx_word' id='word_1_20' title='bbox 737 787 855 859; x_wconf 78' lang='lat' dir='ltr'>fletuque.</span> <span class='ocrx_word' id='word_1_21' title='bbox 873 787 937 850; x_wconf 88' lang='lat' dir='ltr'>Quo</span> <span class='ocrx_word' id='word_1_22' title='bbox 956 784 1070 838; x_wconf 83' lang='lat' dir='ltr'>sdtnisto</span> <span class='ocrx_word' id='word_1_23' title='bbox 1087 784 1161 838; x_wconf 84' lang='lat' dir='ltr'>locus</span> <span class='ocrx_word' id='word_1_24' title='bbox 1177 803 1233 837; x_wconf 86' lang='lat' dir='ltr'>uon</span> <span class='ocrx_word' id='word_1_25' title='bbox 1253 797 1294 838; x_wconf 81' lang='lat' dir='ltr'>est</span> <span class='ocrx_word' id='word_1_26' title='bbox 1304 803 1412 857; x_wconf 78' lang='lat' dir='ltr'>seques·</span> 
     </span>
     <span class='ocr_line' id='line_1_5' title="bbox 602 947 1187 1086; baseline -0.005 -27"><span class='ocrx_word' id='word_1_27' title='bbox 602 976 607 986; x_wconf 45' lang='grc' dir='ltr'><strong><em>Ι</em></strong></span> <span class='ocrx_word' id='word_1_28' title='bbox 619 947 1106 1086; x_wconf 45' lang='grc' dir='ltr'>ἓᾞιξωωῆἶῗςῗιῗιὲιῖοοξᾶἓτῗιὶι</span> <span class='ocrx_word' id='word_1_29' title='bbox 1116 1009 1187 1066; x_wconf 78' lang='lat' dir='ltr'>tolet,</span> 
     </span>
     <span class='ocr_line' id='line_1_6' title="bbox 620 1076 831 1122; baseline 0 -2"><span class='ocrx_word' id='word_1_30' title='bbox 620 1076 711 1122; x_wconf 75' lang='lat' dir='ltr'>Periere</span> <span class='ocrx_word' id='word_1_31' title='bbox 724 1076 831 1122; x_wconf 80' lang='lat' dir='ltr'>ltonnsto.</span> 
     </span>
    </p>
   </div>
   <div class='ocr_carea' id='block_1_3' title="bbox 355 1185 1520 1386">
    <p class='ocr_par' dir='ltr' id='par_1_3' title="bbox 355 1157 1520 1386">
     <span class='ocr_line' id='line_1_7' title="bbox 355 1185 1415 1272; baseline -0.001 -20"><span class='ocrx_word' id='word_1_32' title='bbox 355 1197 489 1270; x_wconf 85' lang='lat' dir='ltr'>Scn&#39;ptum</span> <span class='ocrx_word' id='word_1_33' title='bbox 507 1209 584 1268; x_wconf 77' lang='lat' dir='ltr'>putat</span> <span class='ocrx_word' id='word_1_34' title='bbox 604 1198 715 1252; x_wconf 85' lang='lat' dir='ltr'>Bothius</span> <span class='ocrx_word' id='word_1_35' title='bbox 733 1200 887 1272; x_wconf 79' lang='lat' dir='ltr'>planctuque,</span> <span class='ocrx_word' id='word_1_36' title='bbox 898 1185 1061 1270; x_wconf 68' lang='lat' dir='ltr'>plicamque,</span> <span class='ocrx_word' id='word_1_37' title='bbox 1069 1197 1311 1269; x_wconf 78' lang='lat' dir='ltr'>flatuque,stetnqttc</span> <span class='ocrx_word' id='word_1_38' title='bbox 1324 1215 1415 1270; x_wconf 76' lang='lat' dir='ltr'>quem·</span> 
     </span>
     <span class='ocr_line' id='line_1_8' title="bbox 355 1275 1520 1386; baseline 0 -56"><span class='ocrx_word' id='word_1_39' title='bbox 355 1275 500 1330; x_wconf 83' lang='lat' dir='ltr'>admodum</span> <span class='ocrx_word' id='word_1_40' title='bbox 516 1297 536 1348; x_wconf 86' lang='lat' dir='ltr'>p</span> <span class='ocrx_word' id='word_1_41' title='bbox 550 1279 610 1345; x_wconf 91' lang='lat' dir='ltr'>ets</span> <span class='ocrx_word' id='word_1_42' title='bbox 620 1279 704 1332; x_wconf 78' lang='lat' dir='ltr'>litero</span> <span class='ocrx_word' id='word_1_43' title='bbox 722 1297 790 1350; x_wconf 73' lang='lat' dir='ltr'>supe</span> <span class='ocrx_word' id='word_1_44' title='bbox 806 1279 856 1333; x_wconf 82' lang='lat' dir='ltr'>sibi</span> <span class='ocrx_word' id='word_1_45' title='bbox 874 1278 988 1332; x_wconf 83' lang='lat' dir='ltr'>invicem</span> <span class='ocrx_word' id='word_1_46' title='bbox 1002 1275 1173 1332; x_wconf 66' lang='lat' dir='ltr'>offecerant</span> <span class='ocrx_word' id='word_1_47' title='bbox 1190 1295 1240 1330; x_wconf 85' lang='lat' dir='ltr'>nos</span> <span class='ocrx_word' id='word_1_48' title='bbox 1255 1277 1415 1331; x_wconf 78' lang='lat' dir='ltr'>omninots·</span> <span class='ocrx_word' id='word_1_49' title='bbox 1519 1297 1520 1386; x_wconf 71' lang='lat'>,</span> 
     </span>
    </p>
   </div>
   <div class='ocr_carea' id='block_1_4' title="bbox 354 1369 1415 1587">
    <p class='ocr_par' dir='ltr' id='par_1_4' title="bbox 354 1369 1520 1587">
     <span class='ocr_line' id='line_1_9' title="bbox 357 1369 1411 1508; baseline 0.002 -18"><span class='ocrx_word' id='word_1_50' title='bbox 357 1369 522 1506; x_wconf 43' lang='lat' dir='ltr'>affair</span> <span class='ocrx_word' id='word_1_51' title='bbox 535 1436 596 1504; x_wconf 81' lang='lat' dir='ltr'>ipsc.</span> <span class='ocrx_word' id='word_1_52' title='bbox 608 1431 684 1486; x_wconf 80' lang='lat' dir='ltr'><strong>MSS.</strong></span> <span class='ocrx_word' id='word_1_53' title='bbox 700 1436 789 1492; x_wconf 82' lang='grc'><strong>6060,</strong></span> <span class='ocrx_word' id='word_1_54' title='bbox 808 1434 898 1500; x_wconf 75' lang='lat' dir='ltr'>tots,</span> <span class='ocrx_word' id='word_1_55' title='bbox 914 1435 1011 1488; x_wconf 87' lang='lat' dir='ltr'>Philol.</span> <span class='ocrx_word' id='word_1_56' title='bbox 1024 1434 1109 1488; x_wconf 82' lang='lat' dir='ltr'>Soriv.</span> <span class='ocrx_word' id='word_1_57' title='bbox 1122 1435 1193 1489; x_wconf 88' lang='lat' dir='ltr'>Petr.</span> <span class='ocrx_word' id='word_1_58' title='bbox 1208 1455 1232 1508; x_wconf 81' lang='lat' dir='ltr'>q.</span> <span class='ocrx_word' id='word_1_59' title='bbox 1248 1441 1304 1488; x_wconf 83' lang='lat' dir='ltr'>t&#39;stc.</span> <span class='ocrx_word' id='word_1_60' title='bbox 1317 1434 1371 1490; x_wconf 85' lang='lat' dir='ltr'>Sed</span> <span class='ocrx_word' id='word_1_61' title='bbox 1386 1437 1411 1488; x_wconf 86' lang='grc' dir='ltr'><strong>τ1</strong></span> 
     </span>
     <span class='ocr_line' id='line_1_10' title="bbox 354 1512 1415 1587; baseline 0 -19"><span class='ocrx_word' id='word_1_62' title='bbox 354 1519 453 1586; x_wconf 83' lang='lat' dir='ltr'>ipsoex</span> <span class='ocrx_word' id='word_1_63' title='bbox 469 1513 534 1568; x_wconf 78' lang='lat' dir='ltr'>Poll.</span> <span class='ocrx_word' id='word_1_64' title='bbox 550 1531 610 1566; x_wconf 87' lang='lat' dir='ltr'>cont</span> <span class='ocrx_word' id='word_1_65' title='bbox 624 1513 814 1584; x_wconf 63' lang='lat' dir='ltr'>probatissimis</span> <span class='ocrx_word' id='word_1_66' title='bbox 830 1512 925 1568; x_wconf 78' lang='lat' dir='ltr'>editor.</span> <span class='ocrx_word' id='word_1_67' title='bbox 944 1513 1063 1586; x_wconf 82' lang='lat' dir='ltr'>racipere</span> <span class='ocrx_word' id='word_1_68' title='bbox 1076 1513 1177 1585; x_wconf 81' lang='lat' dir='ltr'>placuit</span> <span class='ocrx_word' id='word_1_69' title='bbox 1192 1513 1327 1580; x_wconf 78' lang='grc'><strong>11060010,</strong></span> <span class='ocrx_word' id='word_1_70' title='bbox 1340 1533 1415 1587; x_wconf 88' lang='lat' dir='ltr'>quent</span> 
     </span>
    </p>
   </div>
   <div class='ocr_carea' id='block_1_5' title="bbox 358 1595 503 1666">
    <p class='ocr_par' dir='ltr' id='par_1_5' title="bbox 358 1595 503 1666">
     <span class='ocr_line' id='line_1_11' title="bbox 358 1595 503 1666; baseline -0.007 -18"><span class='ocrx_word' id='word_1_71' title='bbox 358 1595 503 1666; x_wconf 83' lang='lat' dir='ltr'>sequimur.</span> 
     </span>
    </p>
   </div>
   <div class='ocr_carea' id='block_1_6' title="bbox 394 1673 1520 1746">
    <p class='ocr_par' dir='ltr' id='par_1_6' title="bbox 394 1673 1520 1746">
     <span class='ocr_line' id='line_1_12' title="bbox 394 1673 1520 1746; baseline -0.001 -20"><span class='ocrx_word' id='word_1_72' title='bbox 394 1673 437 1727; x_wconf 90' lang='grc'>60.</span> <span class='ocrx_word' id='word_1_73' title='bbox 459 1673 542 1725; x_wconf 81' lang='lat' dir='ltr'><em>Mater</em></span> <span class='ocrx_word' id='word_1_74' title='bbox 552 1691 640 1728; x_wconf 75' lang='lat' dir='ltr'>ornent.</span> <span class='ocrx_word' id='word_1_75' title='bbox 655 1677 810 1739; x_wconf 78' lang='lat' dir='ltr'>8261,rnct.</span> <span class='ocrx_word' id='word_1_76' title='bbox 824 1693 916 1727; x_wconf 83' lang='lat' dir='ltr'>anons.</span> <span class='ocrx_word' id='word_1_77' title='bbox 932 1675 994 1728; x_wconf 83' lang='lat' dir='ltr'>Non</span> <span class='ocrx_word' id='word_1_78' title='bbox 1006 1675 1100 1746; x_wconf 87' lang='lat' dir='ltr'>inepte</span> <span class='ocrx_word' id='word_1_79' title='bbox 1115 1673 1242 1738; x_wconf 87' lang='lat' dir='ltr'>omnino,</span> <span class='ocrx_word' id='word_1_80' title='bbox 1257 1691 1415 1745; x_wconf 70' lang='lat' dir='ltr'>quamquam</span> <span class='ocrx_word' id='word_1_81' title='bbox 1519 1673 1520 1678; x_wconf 74' lang='grc'>’</span> 
     </span>
    </p>
   </div>
   <div class='ocr_carea' id='block_1_7' title="bbox 346 1750 1432 4210">
    <p class='ocr_par' dir='ltr' id='par_1_7' title="bbox 353 1750 1415 1902">
     <span class='ocr_line' id='line_1_13' title="bbox 353 1750 1415 1827; baseline 0 -21"><span class='ocrx_word' id='word_1_82' title='bbox 353 1754 404 1819; x_wconf 88' lang='lat' dir='ltr'>sit,</span> <span class='ocrx_word' id='word_1_83' title='bbox 418 1751 514 1824; x_wconf 86' lang='lat' dir='ltr'>procul</span> <span class='ocrx_word' id='word_1_84' title='bbox 529 1750 622 1818; x_wconf 86' lang='lat' dir='ltr'>dubio,</span> <span class='ocrx_word' id='word_1_85' title='bbox 637 1753 730 1808; x_wconf 79' lang='grc'><strong>0010001</strong></span> <span class='ocrx_word' id='word_1_86' title='bbox 744 1755 845 1825; x_wconf 67' lang='grc'><strong>1000000</strong></span> <span class='ocrx_word' id='word_1_87' title='bbox 858 1753 904 1808; x_wconf 85' lang='lat' dir='ltr'>scd</span> <span class='ocrx_word' id='word_1_88' title='bbox 917 1772 1089 1827; x_wconf 73' lang='lat' dir='ltr'>nequaquem</span> <span class='ocrx_word' id='word_1_89' title='bbox 1103 1751 1277 1826; x_wconf 75' lang='lat' dir='ltr'>ponderando</span> <span class='ocrx_word' id='word_1_90' title='bbox 1288 1752 1376 1819; x_wconf 86' lang='lat' dir='ltr'>lectio,</span> <span class='ocrx_word' id='word_1_91' title='bbox 1389 1765 1415 1806; x_wconf 88' lang='lat' dir='ltr'>et</span> 
     </span>
     <span class='ocr_line' id='line_1_14' title="bbox 354 1831 592 1902; baseline 0 -17"><span class='ocrx_word' id='word_1_92' title='bbox 354 1833 441 1886; x_wconf 84' lang='lat' dir='ltr'>statim</span> <span class='ocrx_word' id='word_1_93' title='bbox 455 1831 592 1902; x_wconf 76' lang='lat' dir='ltr'>ejiciendo.</span> 
     </span>
    </p>

    <p class='ocr_par' dir='ltr' id='par_1_8' title="bbox 352 1907 1416 2220">
     <span class='ocr_line' id='line_1_15' title="bbox 393 1907 1415 1981; baseline -0.002 -15"><span class='ocrx_word' id='word_1_94' title='bbox 393 1916 439 1966; x_wconf 83' lang='lat'>61.</span> <span class='ocrx_word' id='word_1_95' title='bbox 456 1912 565 1981; x_wconf 80' lang='lat' dir='ltr'>Repetct.</span> <span class='ocrx_word' id='word_1_96' title='bbox 585 1908 660 1963; x_wconf 81' lang='lat' dir='ltr'><strong>MSS.</strong></span> <span class='ocrx_word' id='word_1_97' title='bbox 676 1908 732 1963; x_wconf 82' lang='lat' dir='ltr'>fere</span> <span class='ocrx_word' id='word_1_98' title='bbox 743 1927 835 1963; x_wconf 82' lang='lat' dir='ltr'>omnes</span> <span class='ocrx_word' id='word_1_99' title='bbox 856 1921 881 1963; x_wconf 89' lang='lat' dir='ltr'>et</span> <span class='ocrx_word' id='word_1_100' title='bbox 899 1911 997 1981; x_wconf 84' lang='lat' dir='ltr'>compl.</span> <span class='ocrx_word' id='word_1_101' title='bbox 1010 1907 1073 1963; x_wconf 87' lang='lat' dir='ltr'>edd.</span> <span class='ocrx_word' id='word_1_102' title='bbox 1095 1921 1197 1979; x_wconf 66' lang='lat' dir='ltr'>regem.</span> <span class='ocrx_word' id='word_1_103' title='bbox 1210 1909 1265 1964; x_wconf 87' lang='lat' dir='ltr'>Sed</span> <span class='ocrx_word' id='word_1_104' title='bbox 1278 1909 1415 1964; x_wconf 84' lang='lat' dir='ltr'>lectionem</span> 
     </span>
     <span class='ocr_line' id='line_1_16' title="bbox 353 1988 1416 2061; baseline -0.001 -17"><span class='ocrx_word' id='word_1_105' title='bbox 353 2004 472 2045; x_wconf 83' lang='lat' dir='ltr'>nostrttnt</span> <span class='ocrx_word' id='word_1_106' title='bbox 487 1989 532 2045; x_wconf 79' lang='lat' dir='ltr'>dut</span> <span class='ocrx_word' id='word_1_107' title='bbox 546 2009 607 2044; x_wconf 89' lang='lat' dir='ltr'>cum</span> <span class='ocrx_word' id='word_1_108' title='bbox 622 1988 746 2061; x_wconf 86' lang='lat' dir='ltr'>Lipsisno</span> <span class='ocrx_word' id='word_1_109' title='bbox 760 1989 877 2059; x_wconf 84' lang='lat' dir='ltr'>optimus</span> <span class='ocrx_word' id='word_1_110' title='bbox 891 1988 983 2043; x_wconf 81' lang='lat' dir='ltr'>codex.</span> <span class='ocrx_word' id='word_1_111' title='bbox 996 1991 1031 2043; x_wconf 88' lang='lat' dir='ltr'>Et</span> <span class='ocrx_word' id='word_1_112' title='bbox 1044 1989 1153 2060; x_wconf 78' lang='lat' dir='ltr'>insuper</span> <span class='ocrx_word' id='word_1_113' title='bbox 1166 1989 1223 2043; x_wconf 83' lang='lat' dir='ltr'>lnec</span> <span class='ocrx_word' id='word_1_114' title='bbox 1239 2007 1301 2043; x_wconf 82' lang='lat' dir='ltr'>ssne</span> <span class='ocrx_word' id='word_1_115' title='bbox 1314 2003 1416 2044; x_wconf 84' lang='lat' dir='ltr'>senten-</span> 
     </span>
     <span class='ocr_line' id='line_1_17' title="bbox 352 2068 1416 2140; baseline -0.004 -15"><span class='ocrx_word' id='word_1_116' title='bbox 352 2071 389 2125; x_wconf 84' lang='lat' dir='ltr'>tia</span> <span class='ocrx_word' id='word_1_117' title='bbox 411 2083 467 2124; x_wconf 85' lang='lat' dir='ltr'>est:</span> <span class='ocrx_word' id='word_1_118' title='bbox 483 2071 611 2124; x_wconf 78' lang='lat' dir='ltr'>Parenta</span> <span class='ocrx_word' id='word_1_119' title='bbox 626 2068 722 2121; x_wconf 82' lang='lat' dir='ltr'>luttere</span> <span class='ocrx_word' id='word_1_120' title='bbox 735 2081 860 2140; x_wconf 72' lang='lat' dir='ltr'>properti</span> <span class='ocrx_word' id='word_1_121' title='bbox 875 2068 911 2122; x_wconf 81' lang='lat' dir='ltr'>ad</span> <span class='ocrx_word' id='word_1_122' title='bbox 920 2069 1015 2134; x_wconf 82' lang='lat' dir='ltr'>sunus,</span> <span class='ocrx_word' id='word_1_123' title='bbox 1034 2080 1061 2122; x_wconf 88' lang='lat' dir='ltr'>et</span> <span class='ocrx_word' id='word_1_124' title='bbox 1076 2069 1142 2139; x_wconf 84' lang='lat' dir='ltr'>petit</span> <span class='ocrx_word' id='word_1_125' title='bbox 1152 2069 1235 2122; x_wconf 84' lang='lat' dir='ltr'>alium</span> <span class='ocrx_word' id='word_1_126' title='bbox 1249 2086 1331 2140; x_wconf 83' lang='lat' dir='ltr'>quent</span> <span class='ocrx_word' id='word_1_127' title='bbox 1345 2088 1416 2123; x_wconf 85' lang='lat' dir='ltr'>corn·</span> 
     </span>
     <span class='ocr_line' id='line_1_18' title="bbox 353 2142 1378 2220; baseline 0 -17"><span class='ocrx_word' id='word_1_128' title='bbox 353 2152 443 2204; x_wconf 84' lang='lat' dir='ltr'>burst.</span> <span class='ocrx_word' id='word_1_129' title='bbox 457 2181 495 2192; x_wconf 93' lang='lat'>-</span> <span class='ocrx_word' id='word_1_130' title='bbox 507 2151 611 2220; x_wconf 65' lang='lat' dir='ltr'>lingum.</span> <span class='ocrx_word' id='word_1_131' title='bbox 625 2149 665 2202; x_wconf 82' lang='lat' dir='ltr'>lta</span> <span class='ocrx_word' id='word_1_132' title='bbox 679 2148 756 2202; x_wconf 80' lang='lat' dir='ltr'><strong>MSS.</strong></span> <span class='ocrx_word' id='word_1_133' title='bbox 768 2149 800 2200; x_wconf 92' lang='lat' dir='ltr'>In</span> <span class='ocrx_word' id='word_1_134' title='bbox 815 2147 921 2205; x_wconf 85' lang='lat' dir='ltr'>duobus</span> <span class='ocrx_word' id='word_1_135' title='bbox 933 2165 948 2200; x_wconf 89' lang='lat' dir='ltr'>e</span> <span class='ocrx_word' id='word_1_136' title='bbox 961 2148 1072 2211; x_wconf 85' lang='lat' dir='ltr'>nostris,</span> <span class='ocrx_word' id='word_1_137' title='bbox 1085 2142 1172 2218; x_wconf 80' lang='grc'><strong>6677,</strong></span> <span class='ocrx_word' id='word_1_138' title='bbox 1185 2149 1277 2213; x_wconf 76' lang='lat' dir='ltr'>tots,</span> <span class='ocrx_word' id='word_1_139' title='bbox 1291 2149 1378 2203; x_wconf 77' lang='grc'><strong>100000.</strong></span> 
     </span>
    </p>

    <p class='ocr_par' dir='ltr' id='par_1_9' title="bbox 353 2225 1417 2380">
     <span class='ocr_line' id='line_1_19' title="bbox 393 2225 1417 2302; baseline -0.004 -18"><span class='ocrx_word' id='word_1_140' title='bbox 393 2231 441 2284; x_wconf 81' lang='grc'>66.</span> <span class='ocrx_word' id='word_1_141' title='bbox 456 2228 566 2302; x_wconf 66' lang='lat' dir='ltr'>Sumque.</span> <span class='ocrx_word' id='word_1_142' title='bbox 585 2229 663 2282; x_wconf 88' lang='lat' dir='ltr'>Unus</span> <span class='ocrx_word' id='word_1_143' title='bbox 682 2239 800 2291; x_wconf 78' lang='lat' dir='ltr'>tanturn,</span> <span class='ocrx_word' id='word_1_144' title='bbox 816 2245 866 2280; x_wconf 88' lang='lat' dir='ltr'>nec</span> <span class='ocrx_word' id='word_1_145' title='bbox 882 2227 910 2279; x_wconf 92' lang='lat' dir='ltr'>in</span> <span class='ocrx_word' id='word_1_146' title='bbox 925 2239 1054 2298; x_wconf 86' lang='lat' dir='ltr'>promptu</span> <span class='ocrx_word' id='word_1_147' title='bbox 1067 2225 1208 2294; x_wconf 87' lang='lat' dir='ltr'>habemns,</span> <span class='ocrx_word' id='word_1_148' title='bbox 1224 2227 1333 2300; x_wconf 76' lang='lat' dir='ltr'>dttoeqttc.</span> <span class='ocrx_word' id='word_1_149' title='bbox 1346 2229 1417 2282; x_wconf 86' lang='lat' dir='ltr'>Con·</span> 
     </span>
     <span class='ocr_line' id='line_1_20' title="bbox 353 2307 996 2380; baseline -0.008 -17"><span class='ocrx_word' id='word_1_150' title='bbox 353 2311 423 2364; x_wconf 83' lang='lat' dir='ltr'>lutat</span> <span class='ocrx_word' id='word_1_151' title='bbox 434 2309 574 2363; x_wconf 84' lang='lat' dir='ltr'>Gruterus.</span> <span class='ocrx_word' id='word_1_152' title='bbox 586 2309 688 2360; x_wconf 86' lang='lat' dir='ltr'>Unuse</span> <span class='ocrx_word' id='word_1_153' title='bbox 702 2307 780 2360; x_wconf 89' lang='lat' dir='ltr'>nobis</span> <span class='ocrx_word' id='word_1_154' title='bbox 795 2309 882 2377; x_wconf 82' lang='grc'><strong>6377,</strong></span> <span class='ocrx_word' id='word_1_155' title='bbox 891 2325 996 2380; x_wconf 78' lang='lat' dir='ltr'>queque.</span> 
     </span>
    </p>

    <p class='ocr_par' dir='ltr' id='par_1_10' title="bbox 351 2385 1419 2619">
     <span class='ocr_line' id='line_1_21' title="bbox 395 2385 1418 2457; baseline -0.006 -13"><span class='ocrx_word' id='word_1_156' title='bbox 395 2393 441 2444; x_wconf 83' lang='lat'>66.</span> <span class='ocrx_word' id='word_1_157' title='bbox 453 2386 656 2440; x_wconf 70' lang='lat' dir='ltr'>Sanctavotuit</span> <span class='ocrx_word' id='word_1_158' title='bbox 666 2385 789 2439; x_wconf 79' lang='lat' dir='ltr'>Heinsius</span> <span class='ocrx_word' id='word_1_159' title='bbox 800 2387 930 2452; x_wconf 85' lang='lat' dir='ltr'>scribere,</span> <span class='ocrx_word' id='word_1_160' title='bbox 937 2386 1035 2453; x_wconf 83' lang='lat' dir='ltr'>sttnctn.</span> <span class='ocrx_word' id='word_1_161' title='bbox 1048 2416 1087 2428; x_wconf 90' lang='lat'>-</span> <span class='ocrx_word' id='word_1_162' title='bbox 1098 2385 1213 2438; x_wconf 80' lang='lat' dir='ltr'>Disctett&#39;.</span> <span class='ocrx_word' id='word_1_163' title='bbox 1232 2385 1418 2457; x_wconf 84' lang='lat' dir='ltr'>Opponuntur</span> 
     </span>
     <span class='ocr_line' id='line_1_22' title="bbox 351 2457 1419 2537; baseline -0.003 -15"><span class='ocrx_word' id='word_1_164' title='bbox 351 2467 403 2522; x_wconf 86' lang='lat' dir='ltr'>sibi</span> <span class='ocrx_word' id='word_1_165' title='bbox 421 2466 535 2520; x_wconf 73' lang='lat' dir='ltr'>ututuuli</span> <span class='ocrx_word' id='word_1_166' title='bbox 556 2463 690 2517; x_wconf 78' lang='lat' dir='ltr'>indiscreti</span> <span class='ocrx_word' id='word_1_167' title='bbox 700 2491 711 2512; x_wconf 82' lang='grc' dir='ltr'>ι</span> <span class='ocrx_word' id='word_1_168' title='bbox 732 2477 758 2518; x_wconf 89' lang='lat' dir='ltr'>et</span> <span class='ocrx_word' id='word_1_169' title='bbox 779 2490 790 2512; x_wconf 86' lang='grc' dir='ltr'>ι</span> <span class='ocrx_word' id='word_1_170' title='bbox 803 2485 860 2520; x_wconf 91' lang='lat' dir='ltr'>osut</span> <span class='ocrx_word' id='word_1_171' title='bbox 873 2477 969 2518; x_wconf 70' lang='lat' dir='ltr'>uncta.</span> <span class='ocrx_word' id='word_1_172' title='bbox 982 2489 993 2512; x_wconf 83' lang='grc' dir='ltr'>ι</span> <span class='ocrx_word' id='word_1_173' title='bbox 1012 2464 1083 2518; x_wconf 74' lang='lat' dir='ltr'>Mate</span> <span class='ocrx_word' id='word_1_174' title='bbox 1104 2465 1182 2536; x_wconf 73' lang='lat' dir='ltr'>igitur</span> <span class='ocrx_word' id='word_1_175' title='bbox 1197 2457 1286 2537; x_wconf 84' lang='lat' dir='ltr'>plures</span> <span class='ocrx_word' id='word_1_176' title='bbox 1302 2463 1419 2519; x_wconf 76' lang='grc' dir='ltr'><strong>1666.οῑ</strong></span> 
     </span>
     <span class='ocr_line' id='line_1_23' title="bbox 352 2543 1103 2619; baseline -0.005 -19"><span class='ocrx_word' id='word_1_177' title='bbox 352 2543 548 2619; x_wconf 75' lang='grc'><strong>0000010066.</strong></span> <span class='ocrx_word' id='word_1_178' title='bbox 562 2545 673 2596; x_wconf 73' lang='lat' dir='ltr'>discreta.</span> <span class='ocrx_word' id='word_1_179' title='bbox 688 2573 727 2586; x_wconf 89' lang='lat'>-</span> <span class='ocrx_word' id='word_1_180' title='bbox 743 2545 846 2613; x_wconf 71' lang='lat' dir='ltr'>Tegunt.</span> <span class='ocrx_word' id='word_1_181' title='bbox 857 2545 931 2608; x_wconf 71' lang='grc'><strong>6034</strong></span> <span class='ocrx_word' id='word_1_182' title='bbox 945 2544 993 2598; x_wconf 85' lang='lat' dir='ltr'>sol.</span> <span class='ocrx_word' id='word_1_183' title='bbox 1005 2556 1103 2614; x_wconf 76' lang='lat' dir='ltr'>gerunt.</span> 
     </span>
    </p>

    <p class='ocr_par' dir='ltr' id='par_1_11' title="bbox 352 2621 1421 2855">
     <span class='ocr_line' id='line_1_24' title="bbox 393 2621 1421 2694; baseline -0.004 -14"><span class='ocrx_word' id='word_1_184' title='bbox 393 2630 439 2694; x_wconf 83' lang='lat'>69.</span> <span class='ocrx_word' id='word_1_185' title='bbox 454 2623 511 2678; x_wconf 88' lang='lat' dir='ltr'>Non</span> <span class='ocrx_word' id='word_1_186' title='bbox 521 2635 597 2687; x_wconf 80' lang='lat' dir='ltr'>nota,</span> <span class='ocrx_word' id='word_1_187' title='bbox 609 2635 659 2677; x_wconf 87' lang='lat' dir='ltr'>etc.</span> <span class='ocrx_word' id='word_1_188' title='bbox 672 2621 722 2675; x_wconf 84' lang='lat' dir='ltr'>llic</span> <span class='ocrx_word' id='word_1_189' title='bbox 736 2641 826 2676; x_wconf 81' lang='lat' dir='ltr'>versus</span> <span class='ocrx_word' id='word_1_190' title='bbox 836 2643 851 2677; x_wconf 84' lang='lat' dir='ltr'>s</span> <span class='ocrx_word' id='word_1_191' title='bbox 863 2623 973 2676; x_wconf 78' lang='lat' dir='ltr'>vetustis</span> <span class='ocrx_word' id='word_1_192' title='bbox 984 2623 1059 2676; x_wconf 76' lang='lat' dir='ltr'>MSS.</span> <span class='ocrx_word' id='word_1_193' title='bbox 1071 2623 1206 2678; x_wconf 85' lang='lat' dir='ltr'>nonnullis</span> <span class='ocrx_word' id='word_1_194' title='bbox 1216 2625 1298 2679; x_wconf 75' lang='lat' dir='ltr'>obest.</span> <span class='ocrx_word' id='word_1_195' title='bbox 1310 2655 1350 2666; x_wconf 88' lang='lat'><em>-</em></span> <span class='ocrx_word' id='word_1_196' title='bbox 1361 2623 1421 2676; x_wconf 70' lang='lat' dir='ltr'>&amp;n</span> 
     </span>
     <span class='ocr_line' id='line_1_25' title="bbox 352 2702 1420 2778; baseline -0.002 -20"><span class='ocrx_word' id='word_1_197' title='bbox 352 2718 437 2778; x_wconf 79' lang='lat' dir='ltr'>reptos.</span> <span class='ocrx_word' id='word_1_198' title='bbox 462 2703 535 2757; x_wconf 82' lang='grc'><strong>6060</strong></span> <span class='ocrx_word' id='word_1_199' title='bbox 553 2703 602 2756; x_wconf 89' lang='lat' dir='ltr'>sol.</span> <span class='ocrx_word' id='word_1_200' title='bbox 620 2714 750 2773; x_wconf 81' lang='lat' dir='ltr'>corruptos.</span> <span class='ocrx_word' id='word_1_201' title='bbox 776 2734 814 2744; x_wconf 92' lang='lat'>—</span> <span class='ocrx_word' id='word_1_202' title='bbox 833 2705 931 2756; x_wconf 75' lang='lat' dir='ltr'>Levant.</span> <span class='ocrx_word' id='word_1_203' title='bbox 953 2705 1038 2765; x_wconf 79' lang='grc'><strong>6060,</strong></span> <span class='ocrx_word' id='word_1_204' title='bbox 1057 2703 1128 2756; x_wconf 71' lang='lat' dir='ltr'>levat.</span> <span class='ocrx_word' id='word_1_205' title='bbox 1144 2704 1185 2756; x_wconf 89' lang='lat' dir='ltr'>De</span> <span class='ocrx_word' id='word_1_206' title='bbox 1200 2705 1297 2776; x_wconf 83' lang='lat' dir='ltr'>quibus</span> <span class='ocrx_word' id='word_1_207' title='bbox 1310 2702 1420 2774; x_wconf 84' lang='lat' dir='ltr'>quidem</span> 
     </span>
     <span class='ocr_line' id='line_1_26' title="bbox 352 2781 1030 2855; baseline -0.006 -15"><span class='ocrx_word' id='word_1_208' title='bbox 352 2785 456 2840; x_wconf 83' lang='grc'><strong>6001000</strong></span> <span class='ocrx_word' id='word_1_209' title='bbox 467 2783 527 2837; x_wconf 86' lang='lat' dir='ltr'>leet.</span> <span class='ocrx_word' id='word_1_210' title='bbox 539 2781 628 2835; x_wconf 86' lang='lat' dir='ltr'>dicere</span> <span class='ocrx_word' id='word_1_211' title='bbox 637 2795 676 2836; x_wconf 87' lang='lat' dir='ltr'>est</span> <span class='ocrx_word' id='word_1_212' title='bbox 689 2781 763 2853; x_wconf 87' lang='lat' dir='ltr'>quod</span> <span class='ocrx_word' id='word_1_213' title='bbox 778 2799 873 2855; x_wconf 79' lang='lat' dir='ltr'>supro,</span> <span class='ocrx_word' id='word_1_214' title='bbox 887 2784 915 2836; x_wconf 90' lang='lat' dir='ltr'>in</span> <span class='ocrx_word' id='word_1_215' title='bbox 930 2800 968 2834; x_wconf 82' lang='lat' dir='ltr'>rs.</span> <span class='ocrx_word' id='word_1_216' title='bbox 986 2784 1030 2836; x_wconf 91' lang='grc'>60.</span> 
     </span>
    </p>

    <p class='ocr_par' dir='ltr' id='par_1_12' title="bbox 349 2859 1423 3172">
     <span class='ocr_line' id='line_1_27' title="bbox 392 2859 1421 2936; baseline -0.003 -19"><span class='ocrx_word' id='word_1_217' title='bbox 392 2885 440 2936; x_wconf 86' lang='lat'>7²·</span> <span class='ocrx_word' id='word_1_218' title='bbox 454 2865 608 2916; x_wconf 74' lang='lat' dir='ltr'>Procurrunt</span> <span class='ocrx_word' id='word_1_219' title='bbox 626 2874 654 2914; x_wconf 86' lang='lat' dir='ltr'>ut</span> <span class='ocrx_word' id='word_1_220' title='bbox 669 2865 746 2932; x_wconf 84' lang='lat' dir='ltr'>prior.</span> <span class='ocrx_word' id='word_1_221' title='bbox 761 2859 882 2916; x_wconf 83' lang='lat' dir='ltr'>Heinsius</span> <span class='ocrx_word' id='word_1_222' title='bbox 899 2861 1013 2915; x_wconf 84' lang='lat' dir='ltr'>malebtt</span> <span class='ocrx_word' id='word_1_223' title='bbox 1020 2874 1173 2932; x_wconf 72' lang='lat' dir='ltr'>preventum.</span> <span class='ocrx_word' id='word_1_224' title='bbox 1187 2861 1239 2915; x_wconf 91' lang='lat' dir='ltr'>Sed</span> <span class='ocrx_word' id='word_1_225' title='bbox 1249 2881 1421 2933; x_wconf 74' lang='lat' dir='ltr'>praecurram,</span> 
     </span>
     <span class='ocr_line' id='line_1_28' title="bbox 351 2938 1421 3014; baseline -0.006 -14"><span class='ocrx_word' id='word_1_226' title='bbox 351 2941 518 3000; x_wconf 86' lang='lat' dir='ltr'>commodius</span> <span class='ocrx_word' id='word_1_227' title='bbox 530 2939 674 3014; x_wconf 83' lang='lat' dir='ltr'>respondet</span> <span class='ocrx_word' id='word_1_228' title='bbox 687 2938 862 3012; x_wconf 70' lang='lat' dir='ltr'>procedenti,</span> <span class='ocrx_word' id='word_1_229' title='bbox 880 2969 891 2990; x_wconf 81' lang='grc' dir='ltr'>ι</span> <span class='ocrx_word' id='word_1_230' title='bbox 903 2953 1008 2994; x_wconf 76' lang='lat' dir='ltr'>matura</span> <span class='ocrx_word' id='word_1_231' title='bbox 1021 2959 1133 3013; x_wconf 87' lang='lat' dir='ltr'>poscens</span> <span class='ocrx_word' id='word_1_232' title='bbox 1145 2941 1204 2995; x_wconf 79' lang='lat' dir='ltr'>fata.</span> <span class='ocrx_word' id='word_1_233' title='bbox 1218 2966 1230 2988; x_wconf 79' lang='grc' dir='ltr'>ι</span> <span class='ocrx_word' id='word_1_234' title='bbox 1244 2942 1273 2994; x_wconf 76' lang='lat'>1².</span> <span class='ocrx_word' id='word_1_235' title='bbox 1287 2943 1421 2995; x_wconf 77' lang='lat' dir='ltr'>Burman·</span> 
     </span>
     <span class='ocr_line' id='line_1_29' title="bbox 349 3020 1423 3095; baseline -0.005 -16"><span class='ocrx_word' id='word_1_236' title='bbox 349 3045 414 3079; x_wconf 91' lang='lat' dir='ltr'>num</span> <span class='ocrx_word' id='word_1_237' title='bbox 421 3043 570 3095; x_wconf 71' lang='lat' dir='ltr'>procurrant</span> <span class='ocrx_word' id='word_1_238' title='bbox 580 3041 666 3092; x_wconf 80' lang='lat' dir='ltr'>precor</span> <span class='ocrx_word' id='word_1_239' title='bbox 675 3021 760 3092; x_wconf 81' lang='lat' dir='ltr'>legere</span> <span class='ocrx_word' id='word_1_240' title='bbox 776 3032 923 3075; x_wconf 72' lang='lat' dir='ltr'>tentantem</span> <span class='ocrx_word' id='word_1_241' title='bbox 933 3021 1001 3074; x_wconf 86' lang='lat' dir='ltr'>bene</span> <span class='ocrx_word' id='word_1_242' title='bbox 1012 3021 1111 3074; x_wconf 76' lang='lat' dir='ltr'>refellit</span> <span class='ocrx_word' id='word_1_243' title='bbox 1127 3023 1293 3075; x_wconf 85' lang='lat' dir='ltr'>Burmannus</span> <span class='ocrx_word' id='word_1_244' title='bbox 1307 3020 1423 3074; x_wconf 85' lang='lat' dir='ltr'>secund.</span> 
     </span>
     <span class='ocr_line' id='line_1_30' title="bbox 353 3103 762 3172; baseline -0.02 -13"><span class='ocrx_word' id='word_1_245' title='bbox 353 3104 387 3159; x_wconf 84' lang='grc'>06</span> <span class='ocrx_word' id='word_1_246' title='bbox 401 3117 419 3158; x_wconf 93' lang='lat' dir='ltr'>t.</span> <span class='ocrx_word' id='word_1_247' title='bbox 435 3104 463 3155; x_wconf 90' lang='grc' dir='ltr'>Π</span> <span class='ocrx_word' id='word_1_248' title='bbox 483 3103 563 3155; x_wconf 80' lang='lat' dir='ltr'>nuth.</span> <span class='ocrx_word' id='word_1_249' title='bbox 580 3103 637 3155; x_wconf 79' lang='lat' dir='ltr'>lat.</span> <span class='ocrx_word' id='word_1_250' title='bbox 653 3119 680 3172; x_wconf 91' lang='lat' dir='ltr'>p.</span> <span class='ocrx_word' id='word_1_251' title='bbox 699 3103 762 3169; x_wconf 87' lang='lat'>189.</span> 
     </span>
    </p>

    <p class='ocr_par' dir='ltr' id='par_1_13' title="bbox 351 3177 1424 3398">
     <span class='ocr_line' id='line_1_31' title="bbox 389 3177 1421 3255; baseline -0.002 -21"><span class='ocrx_word' id='word_1_252' title='bbox 389 3183 436 3255; x_wconf 79' lang='lat'>73.</span> <span class='ocrx_word' id='word_1_253' title='bbox 446 3183 573 3235; x_wconf 81' lang='lat' dir='ltr'>Contacta.</span> <span class='ocrx_word' id='word_1_254' title='bbox 587 3183 643 3234; x_wconf 89' lang='lat' dir='ltr'>MS.</span> <span class='ocrx_word' id='word_1_255' title='bbox 657 3180 772 3251; x_wconf 76' lang='lat' dir='ltr'>aliquot,</span> <span class='ocrx_word' id='word_1_256' title='bbox 780 3177 816 3231; x_wconf 85' lang='lat' dir='ltr'>ait</span> <span class='ocrx_word' id='word_1_257' title='bbox 826 3177 990 3230; x_wconf 83' lang='lat' dir='ltr'>Commelin.</span> <span class='ocrx_word' id='word_1_258' title='bbox 1001 3189 1028 3230; x_wconf 90' lang='lat' dir='ltr'>et</span> <span class='ocrx_word' id='word_1_259' title='bbox 1038 3179 1192 3248; x_wconf 85' lang='lat' dir='ltr'>interpres,</span> <span class='ocrx_word' id='word_1_260' title='bbox 1202 3190 1343 3244; x_wconf 73' lang='lat' dir='ltr'>contracta,</span> <span class='ocrx_word' id='word_1_261' title='bbox 1357 3179 1377 3232; x_wconf 94' lang='lat' dir='ltr'>i.</span> <span class='ocrx_word' id='word_1_262' title='bbox 1395 3198 1421 3232; x_wconf 79' lang='lat' dir='ltr'>e.</span> 
     </span>
     <span class='ocr_line' id='line_1_32' title="bbox 351 3256 1424 3335; baseline -0.007 -17"><span class='ocrx_word' id='word_1_263' title='bbox 351 3261 512 3335; x_wconf 78' lang='lat' dir='ltr'>conquisita.</span> <span class='ocrx_word' id='word_1_264' title='bbox 527 3294 565 3304; x_wconf 89' lang='lat'>-</span> <span class='ocrx_word' id='word_1_265' title='bbox 578 3261 670 3332; x_wconf 82' lang='lat' dir='ltr'>Lt&#39;nque</span> <span class='ocrx_word' id='word_1_266' title='bbox 687 3257 812 3323; x_wconf 80' lang='lat' dir='ltr'>lacrimas,</span> <span class='ocrx_word' id='word_1_267' title='bbox 819 3258 920 3324; x_wconf 75' lang='lat' dir='ltr'>jamra.</span> <span class='ocrx_word' id='word_1_268' title='bbox 943 3256 1075 3328; x_wconf 86' lang='lat' dir='ltr'>Proponit</span> <span class='ocrx_word' id='word_1_269' title='bbox 1096 3257 1226 3324; x_wconf 89' lang='lat' dir='ltr'>Bothius,</span> <span class='ocrx_word' id='word_1_270' title='bbox 1243 3281 1255 3302; x_wconf 90' lang='lat'><strong>·</strong></span> <span class='ocrx_word' id='word_1_271' title='bbox 1265 3259 1361 3330; x_wconf 87' lang='lat' dir='ltr'>linque</span> <span class='ocrx_word' id='word_1_272' title='bbox 1381 3259 1424 3310; x_wconf 78' lang='lat' dir='ltr'>ls-</span> 
     </span>
     <span class='ocr_line' id='line_1_33' title="bbox 351 3359 491 3398; baseline -0.029 0"><span class='ocrx_word' id='word_1_273' title='bbox 351 3359 491 3398; x_wconf 80' lang='lat' dir='ltr'>crtmans.»</span> 
     </span>
    </p>

    <p class='ocr_par' dir='ltr' id='par_1_14' title="bbox 392 3417 860 3493">
     <span class='ocr_line' id='line_1_34' title="bbox 392 3417 860 3493; baseline -0.013 -19"><span class='ocrx_word' id='word_1_274' title='bbox 392 3442 438 3493; x_wconf 89' lang='lat'>79.</span> <span class='ocrx_word' id='word_1_275' title='bbox 458 3419 519 3474; x_wconf 84' lang='lat' dir='ltr'>Coel.</span> <span class='ocrx_word' id='word_1_276' title='bbox 535 3423 605 3472; x_wconf 82' lang='lat' dir='ltr'>vitia.</span> <span class='ocrx_word' id='word_1_277' title='bbox 623 3417 680 3470; x_wconf 79' lang='lat' dir='ltr'>MS.</span> <span class='ocrx_word' id='word_1_278' title='bbox 696 3419 780 3481; x_wconf 81' lang='grc'><strong>6060,</strong></span> <span class='ocrx_word' id='word_1_279' title='bbox 790 3419 860 3468; x_wconf 79' lang='lat' dir='ltr'>uitio.</span> 
     </span>
    </p>

    <p class='ocr_par' dir='ltr' id='par_1_15' title="bbox 391 3495 817 3570">
     <span class='ocr_line' id='line_1_35' title="bbox 391 3495 817 3570; baseline -0.019 -15"><span class='ocrx_word' id='word_1_280' title='bbox 391 3504 434 3556; x_wconf 93' lang='grc'>60.</span> <span class='ocrx_word' id='word_1_281' title='bbox 447 3501 565 3570; x_wconf 75' lang='lat' dir='ltr'>Profugc.</span> <span class='ocrx_word' id='word_1_282' title='bbox 580 3499 637 3552; x_wconf 83' lang='lat' dir='ltr'>MS.</span> <span class='ocrx_word' id='word_1_283' title='bbox 656 3495 693 3550; x_wconf 88' lang='lat' dir='ltr'>id.</span> <span class='ocrx_word' id='word_1_284' title='bbox 707 3497 817 3567; x_wconf 72' lang='lat' dir='ltr'>persuge.</span> 
     </span>
    </p>

    <p class='ocr_par' dir='ltr' id='par_1_16' title="bbox 348 3573 1427 3815">
     <span class='ocr_line' id='line_1_36' title="bbox 390 3573 1425 3646; baseline -0.001 -15"><span class='ocrx_word' id='word_1_285' title='bbox 390 3584 438 3644; x_wconf 66' lang='grc'>84.</span> <span class='ocrx_word' id='word_1_286' title='bbox 450 3580 535 3631; x_wconf 74' lang='lat' dir='ltr'>labet.</span> <span class='ocrx_word' id='word_1_287' title='bbox 548 3579 591 3631; x_wconf 87' lang='lat' dir='ltr'>Sic</span> <span class='ocrx_word' id='word_1_288' title='bbox 609 3577 665 3630; x_wconf 85' lang='lat' dir='ltr'>MS.</span> <span class='ocrx_word' id='word_1_289' title='bbox 685 3578 776 3641; x_wconf 80' lang='grc'><strong>6060,</strong></span> <span class='ocrx_word' id='word_1_290' title='bbox 787 3573 874 3640; x_wconf 79' lang='grc'><strong>6030,</strong></span> <span class='ocrx_word' id='word_1_291' title='bbox 890 3585 918 3628; x_wconf 91' lang='lat' dir='ltr'>et</span> <span class='ocrx_word' id='word_1_292' title='bbox 932 3573 1049 3646; x_wconf 91' lang='lat' dir='ltr'>plurimi.</span> <span class='ocrx_word' id='word_1_293' title='bbox 1063 3573 1106 3632; x_wconf 81' lang='lat' dir='ltr'>Sic</span> <span class='ocrx_word' id='word_1_294' title='bbox 1118 3575 1180 3629; x_wconf 90' lang='lat' dir='ltr'>Seb.</span> <span class='ocrx_word' id='word_1_295' title='bbox 1192 3575 1300 3646; x_wconf 83' lang='lat' dir='ltr'>Gryph.</span> <span class='ocrx_word' id='word_1_296' title='bbox 1313 3576 1425 3630; x_wconf 79' lang='grc'><strong>0111110-</strong></span> 
     </span>
     <span class='ocr_line' id='line_1_37' title="bbox 348 3653 1427 3732; baseline -0.004 -18"><span class='ocrx_word' id='word_1_297' title='bbox 348 3664 390 3715; x_wconf 79' lang='lat' dir='ltr'>bat</span> <span class='ocrx_word' id='word_1_298' title='bbox 401 3679 431 3713; x_wconf 83' lang='lat' dir='ltr'>ex</span> <span class='ocrx_word' id='word_1_299' title='bbox 447 3659 669 3732; x_wconf 85' lang='lat' dir='ltr'>quibusGronor.</span> <span class='ocrx_word' id='word_1_300' title='bbox 680 3654 745 3710; x_wconf 82' lang='lat' dir='ltr'>Bsd.</span> <span class='ocrx_word' id='word_1_301' title='bbox 758 3655 826 3721; x_wconf 88' lang='lat' dir='ltr'>Nos,</span> <span class='ocrx_word' id='word_1_302' title='bbox 842 3667 871 3708; x_wconf 88' lang='lat' dir='ltr'>nt</span> <span class='ocrx_word' id='word_1_303' title='bbox 886 3653 1003 3725; x_wconf 78' lang='lat' dir='ltr'>postulat</span> <span class='ocrx_word' id='word_1_304' title='bbox 1024 3653 1068 3707; x_wconf 89' lang='lat' dir='ltr'>hic</span> <span class='ocrx_word' id='word_1_305' title='bbox 1082 3653 1150 3708; x_wconf 89' lang='lat' dir='ltr'>ordo</span> <span class='ocrx_word' id='word_1_306' title='bbox 1165 3655 1371 3726; x_wconf 72' lang='lat' dir='ltr'>grttnmttions,</span> <span class='ocrx_word' id='word_1_307' title='bbox 1381 3675 1427 3710; x_wconf 86' lang='lat' dir='ltr'>se·</span> 
     </span>
     <span class='ocr_line' id='line_1_38' title="bbox 351 3739 609 3815; baseline -0.016 -21"><span class='ocrx_word' id='word_1_308' title='bbox 351 3743 459 3815; x_wconf 84' lang='lat' dir='ltr'>qoimttr</span> <span class='ocrx_word' id='word_1_309' title='bbox 477 3739 609 3792; x_wconf 84' lang='lat' dir='ltr'>liothium.</span> 
     </span>
    </p>

    <p class='ocr_par' dir='ltr' id='par_1_17' title="bbox 388 3814 878 3892">
     <span class='ocr_line' id='line_1_39' title="bbox 388 3814 878 3892; baseline -0.016 -19"><span class='ocrx_word' id='word_1_310' title='bbox 388 3817 594 3892; x_wconf 72' lang='lat' dir='ltr'>90.Fems.1tts.</span> <span class='ocrx_word' id='word_1_311' title='bbox 608 3820 682 3870; x_wconf 87' lang='grc'><strong>6060</strong></span> <span class='ocrx_word' id='word_1_312' title='bbox 700 3815 783 3873; x_wconf 88' lang='lat' dir='ltr'>solus,</span> <span class='ocrx_word' id='word_1_313' title='bbox 794 3814 878 3881; x_wconf 72' lang='lat' dir='ltr'>J‘eroc.</span> 
     </span>
    </p>

    <p class='ocr_par' dir='ltr' id='par_1_18' title="bbox 347 3891 1432 4046">
     <span class='ocr_line' id='line_1_40' title="bbox 388 3891 1430 3969; baseline -0.004 -17"><span class='ocrx_word' id='word_1_314' title='bbox 388 3919 435 3969; x_wconf 86' lang='lat'>9¹·</span> <span class='ocrx_word' id='word_1_315' title='bbox 450 3899 578 3967; x_wconf 68' lang='lat' dir='ltr'>Gigantes.</span> <span class='ocrx_word' id='word_1_316' title='bbox 595 3897 627 3949; x_wconf 90' lang='lat' dir='ltr'>In</span> <span class='ocrx_word' id='word_1_317' title='bbox 644 3894 798 3946; x_wconf 81' lang='lat' dir='ltr'>Florentino</span> <span class='ocrx_word' id='word_1_318' title='bbox 813 3894 910 3964; x_wconf 79' lang='lat' dir='ltr'>legitur</span> <span class='ocrx_word' id='word_1_319' title='bbox 924 3897 1058 3962; x_wconf 73' lang='lat' dir='ltr'>gigantas,</span> <span class='ocrx_word' id='word_1_320' title='bbox 1076 3891 1149 3964; x_wconf 83' lang='lat' dir='ltr'>qnod</span> <span class='ocrx_word' id='word_1_321' title='bbox 1166 3893 1263 3964; x_wconf 84' lang='lat' dir='ltr'>accipit</span> <span class='ocrx_word' id='word_1_322' title='bbox 1282 3892 1430 3948; x_wconf 83' lang='lat' dir='ltr'>Badenius</span> 
     </span>
     <span class='ocr_line' id='line_1_41' title="bbox 347 3971 1432 4046; baseline -0.005 -13"><span class='ocrx_word' id='word_1_323' title='bbox 347 3983 427 4035; x_wconf 86' lang='lat' dir='ltr'>solus.</span> <span class='ocrx_word' id='word_1_324' title='bbox 441 3978 515 4031; x_wconf 89' lang='lat' dir='ltr'>Idem</span> <span class='ocrx_word' id='word_1_325' title='bbox 527 3995 577 4046; x_wconf 90' lang='lat' dir='ltr'>pro</span> <span class='ocrx_word' id='word_1_326' title='bbox 586 3975 680 4036; x_wconf 75' lang='lat' dir='ltr'>obvios,</span> <span class='ocrx_word' id='word_1_327' title='bbox 692 3974 725 4024; x_wconf 81' lang='lat' dir='ltr'>ab</span> <span class='ocrx_word' id='word_1_328' title='bbox 737 3972 863 4025; x_wconf 89' lang='lat' dir='ltr'>omuibus</span> <span class='ocrx_word' id='word_1_329' title='bbox 876 3985 985 4042; x_wconf 86' lang='lat' dir='ltr'>recepto</span> <span class='ocrx_word' id='word_1_330' title='bbox 995 4011 1002 4034; x_wconf 91' lang='lat'>,</span> <span class='ocrx_word' id='word_1_331' title='bbox 1014 3972 1105 4026; x_wconf 86' lang='lat' dir='ltr'>scribit</span> <span class='ocrx_word' id='word_1_332' title='bbox 1119 3989 1150 4025; x_wconf 83' lang='lat' dir='ltr'>ex</span> <span class='ocrx_word' id='word_1_333' title='bbox 1163 3971 1223 4025; x_wconf 88' lang='grc'><strong>006.</strong></span> <span class='ocrx_word' id='word_1_334' title='bbox 1240 3971 1300 4024; x_wconf 88' lang='grc'><strong>006.</strong></span> <span class='ocrx_word' id='word_1_335' title='bbox 1311 3973 1432 4028; x_wconf 77' lang='lat' dir='ltr'>obviarn.</span> 
     </span>
    </p>

    <p class='ocr_par' dir='ltr' id='par_1_19' title="bbox 346 4051 1430 4210">
     <span class='ocr_line' id='line_1_42' title="bbox 387 4051 1430 4128; baseline -0.002 -20"><span class='ocrx_word' id='word_1_336' title='bbox 387 4061 434 4128; x_wconf 77' lang='lat'>93.</span> <span class='ocrx_word' id='word_1_337' title='bbox 453 4059 524 4108; x_wconf 80' lang='lat' dir='ltr'>Vatis</span> <span class='ocrx_word' id='word_1_338' title='bbox 536 4053 652 4121; x_wconf 74' lang='lat' dir='ltr'>infanda.</span> <span class='ocrx_word' id='word_1_339' title='bbox 668 4051 725 4105; x_wconf 80' lang='lat' dir='ltr'>MS.</span> <span class='ocrx_word' id='word_1_340' title='bbox 744 4051 828 4122; x_wconf 84' lang='grc'><strong>6377,</strong></span> <span class='ocrx_word' id='word_1_341' title='bbox 851 4053 941 4116; x_wconf 75' lang='grc'><strong>6034,</strong></span> <span class='ocrx_word' id='word_1_342' title='bbox 963 4051 1047 4105; x_wconf 73' lang='lat' dir='ltr'>sust.</span> <span class='ocrx_word' id='word_1_343' title='bbox 1066 4053 1109 4106; x_wconf 90' lang='lat' dir='ltr'>Sic</span> <span class='ocrx_word' id='word_1_344' title='bbox 1133 4052 1267 4124; x_wconf 74' lang='lat' dir='ltr'>Phttotog.</span> <span class='ocrx_word' id='word_1_345' title='bbox 1285 4065 1312 4105; x_wconf 93' lang='lat' dir='ltr'>et</span> <span class='ocrx_word' id='word_1_346' title='bbox 1328 4053 1430 4110; x_wconf 57' lang='lat' dir='ltr'>Serio.</span> 
     </span>
     <span class='ocr_line' id='line_1_43' title="bbox 346 4130 1089 4210; baseline -0.009 -17"><span class='ocrx_word' id='word_1_347' title='bbox 346 4135 398 4192; x_wconf 80' lang='grc'>606</span> <span class='ocrx_word' id='word_1_348' title='bbox 409 4138 494 4210; x_wconf 83' lang='lat' dir='ltr'>liaph.</span> <span class='ocrx_word' id='word_1_349' title='bbox 512 4133 625 4189; x_wconf 76' lang='grc'><strong>6000010.</strong></span> <span class='ocrx_word' id='word_1_350' title='bbox 637 4133 756 4187; x_wconf 77' lang='lat' dir='ltr'>Gronov.</span> <span class='ocrx_word' id='word_1_351' title='bbox 768 4131 830 4202; x_wconf 89' lang='lat' dir='ltr'>Bip.</span> <span class='ocrx_word' id='word_1_352' title='bbox 845 4130 922 4185; x_wconf 87' lang='lat' dir='ltr'>Both.</span> <span class='ocrx_word' id='word_1_353' title='bbox 935 4130 1002 4185; x_wconf 83' lang='grc'><strong>1106.</strong></span> <span class='ocrx_word' id='word_1_354' title='bbox 1015 4133 1089 4186; x_wconf 71' lang='lat' dir='ltr'>notin</span> 
     </span>
    </p>
   </div>
   <div class='ocr_carea' id='block_1_8' title="bbox 0 0 1526 5156">
    <p class='ocr_par' dir='ltr' id='par_1_20' title="bbox 0 0 1526 5156">
     <span class='ocr_line' id='line_1_44' title="bbox 0 0 1526 5156; baseline 0 2"><span class='ocrx_word' id='word_1_355' title='bbox 0 0 1526 5156; x_wconf 95' lang='lat' dir='ltr'> </span> 
     </span>
    </p>
   </div>
  </div>
 </body>
</html>
