3008 5158
346 489 412 575 ιιι.
634 489 1113 560 1..ANNAE1sENEcAE

316 701 319 708 Ι
389 615 468 682 Non
486 627 582 698 vota,
602 637 671 680 non
690 637 743 680 ers
760 609 828 680 ulla
846 626 1016 706 correptos
1038 611 1160 682 levant.

388 722 523 794 Cadunt
543 721 736 790 medentes:
754 723 891 790 morbus
909 720 1070 792 auxilium
1093 723 1205 792 trahit.
1378 758 1401 794 r·

385 833 521 903 Alfusus
542 834 609 902 aris
630 832 796 927 supplices
816 831 917 901 tendo
943 857 1079 918 manus,

387 947 522 1013 Matura
540 967 678 1038 poscens
700 943 783 1029 fata,
805 967 1005 1036 praecurrnm
1024 957 1062 1012 ut
1081 944 1175 1037 prior

387 1056 533 1125 Patriam
558 1068 731 1140 ruentem;
753 1077 836 1122 neve
854 1069 930 1147 post
948 1079 1065 1122 omnes
1085 1054 1222 1140 cadam,

387 1166 547 1258 Fiamque
566 1166 659 1260 regni
679 1163 778 1233 funus
799 1179 983 1234 extremum
1002 1165 1078 1234 mei.

391 1279 527 1345 Osaeva
547 1275 689 1344 nimium
709 1273 870 1345 numina!
890 1300 912 1342 o
934 1275 1039 1344 fatum
1062 1273 1176 1369 grave!
1381 1289 1403 1343 ⁷³

387 1389 537 1478 Negatur
554 1385 612 1453 nni
631 1407 751 1478 nempe
774 1387 808 1454 in
829 1386 892 1454 hoc
911 1384 1037 1479 populo
1058 1385 1141 1452 mihi

389 1495 484 1562 Mors
504 1509 570 1563 tarn
594 1494 736 1588 parata?
756 1519 876 1589 sperne
897 1492 987 1564 letali
1010 1519 1112 1563 manu

390 1607 552 1674 Contacta
574 1629 701 1699 regna:
723 1602 837 1698 linque
859 1602 1030 1690 lacrimas,
1049 1603 1183 1688 funera,

392 1715 537 1784 Tabilica
558 1712 629 1783 caeli
646 1716 740 1802 vitia,
763 1741 836 1810 quae
858 1731 967 1785 tecum
987 1715 1116 1785 invehis
1146 1739 1149 1744 ’

348 1899 387 1952 xit
399 1917 447 1949 non
460 1898 556 1952 tumulis
570 1902 621 1968 tegi
633 1918 704 1960 ossa,
720 1909 814 1969 reputa
827 1898 855 1950 in
940 1897 1109 1968 71.Assnsas.
1125 1893 1188 1948 Aris
1197 1893 1351 1948 advolutus.

345 1979 455 2050 hujusce
466 1976 540 2030 modi
549 1976 774 2049 descriptionibus
784 1995 857 2049 qun·
939 1995 987 2047 7²·
999 1975 1170 2043 Mataresata.
1185 1975 1299 2028 Poscens
1312 1985 1344 2027 nt
1357 1974 1408 2028 cito

345 2056 408 2111 dans
416 2057 573 2129 generaliter
581 2057 686 2121 relerri,
698 2074 758 2128 quaa
767 2070 856 2112 tamen
899 2057 1009 2111 moriar.
1023 2057 1085 2109 Non
1100 2053 1213 2109 absurde
1222 2054 1300 2107 etiam
1316 2066 1409 2108 maturo

345 2155 401 2190 non
423 2138 457 2188 ab
478 2137 613 2203 omnibns,
624 2135 670 2191 sed
691 2155 705 2190 ι
720 2137 857 2190 nonnullis
893 2137 953 2204 sata
968 2153 1018 2207 pro
1029 2148 1161 2206 opportuna
1172 2145 1245 2188 morte
1260 2135 1409 2205 acciperen-

347 2229 451 2270 tantuns
470 2229 528 2270 acta
548 2228 626 2280 sunt,
641 2229 671 2270 nt
684 2233 734 2286 per
747 2215 792 2269 ills
804 2217 857 2270 sin·
900 2230 954 2280 tnr,
971 2216 1020 2268 nisi
1035 2215 1098 2268 stibi
1114 2213 1213 2269 Seneca
1231 2211 1298 2285 quid
1316 2226 1409 2266 maturo

347 2296 445 2368 galaeis
463 2296 582 2366 exempla
598 2293 760 2360 ostendatur,
771 2313 858 2367 usqne
894 2299 952 2364 sato
966 2294 1030 2348 uelit
1041 2293 1260 2366 intelligi,aperte
1271 2293 1409 2366 significet.

347 2395 402 2447 quo
414 2393 551 2446 progressa
565 2376 599 2428 sit
611 2375 720 2426 malivis
731 2388 757 2428 et
770 2374 859 2428 horni-
901 2375 971 2429 Vide
984 2375 1111 2429 Phoeniss.
1125 2391 1164 2427 vs.
1182 2374 1252 2440 sos,
1269 2385 1295 2426 et
1312 2374 1351 2426 ihi
1365 2391 1411 2426 no·

346 2473 412 2508 nuru
426 2453 584 2525 desperatio.
596 2454 664 2508 Satis
676 2465 748 2506 certe
760 2454 858 2508 intelli·
900 2467 969 2520 tumr
982 2455 1065 2526 Hipp.
1074 2473 1112 2508 rs.
1125 2453 1192 2523 857.

348 2551 393 2605 ges
405 2535 547 2596 Senecam,
565 2531 639 2604 quod
649 2533 754 2604 scripsit
765 2553 812 2586 riou
824 2547 860 2586 tn·
943 2543 988 2606 74.
1003 2535 1087 2586 Funus
1097 2546 1234 2587 crimmum,
1243 2533 1362 2586 Ultimus
1372 2551 1412 2586 ca·

350 2613 420 2666 runlr's
440 2632 495 2665 oasa
518 2615 583 2681 tegi,
601 2631 655 2664 non
675 2612 709 2664 ab
731 2611 859 2667 universis
901 2615 961 2670 darn
975 2627 1002 2668 et
1016 2611 1050 2667 ad
1061 2613 1223 2684 sepulturam
1237 2613 1348 2666 efferar.

349 2691 532 2764 pecipiendum
545 2691 668 2756 voluisse,
683 2691 704 2744 si
720 2690 754 2745 ad
769 2711 860 2747 versus
944 2698 990 2765 76.
1007 2695 1119 2764 Negatnr
1129 2696 1184 2756 ani,
1195 2704 1247 2745 ete.
1264 2693 1327 2747 Huc
1342 2692 1412 2756 lacit,

354 2789 409 2840 ¹²9
429 2783 455 2824 et
476 2771 529 2826 130
546 2771 684 2843 paululum
708 2771 859 2827 attenderis.
903 2774 976 2846 qnod
989 2786 1093 2826 nostras
1105 2771 1266 2826 Credtllonsit
1277 2771 1306 2824 in
1322 2785 1414 2842 trago-

351 2851 450 2904 Endem
462 2852 745 2922 prorsus,specie‚non
757 2871 787 2907 re
798 2871 862 2906 con·
903 2853 964 2919 die,
983 2853 1026 2906 cui
1046 2852 1153 2917 titulus,
1171 2853 1312 2916 laureae,
1328 2853 1360 2916 1,
1376 2872 1389 2904 s
1406 2869 1413 2902 τ

350 2930 442 2996 traria,
451 2929 480 2983 in
493 2930 592 2984 Ouidio
601 2931 780 3003 reperias,qui
791 2943 862 3004 post·
907 2960 919 2982 a
931 2933 984 2987 Ehl
996 2933 1103 3004 lrspper
1111 2943 1173 2984 tout
1183 2951 1231 2984 son
1239 2932 1357 3003 penple,
1369 2941 1416 2984 est-

351 3027 429 3080 qnnm
442 3012 576 3082 scripserit
589 3023 755 3063 mortuorum
769 3031 862 3084 corpo·
904 3033 934 3067 ce
950 3017 1126 3084 epargnerun
1139 3011 1179 3064 roi
1189 3015 1219 3064 l·

352 3107 380 3141 ra
388 3090 467 3142 nullis
474 3090 536 3143 ferri
545 3091 691 3154 funeribus,
698 3089 787 3145 addit:
800 3117 810 3138 ι
820 3111 863 3144 ne·
946 3111 992 3163 77.
1002 3093 1070 3144 Mors
1081 3105 1129 3143 tam
1139 3103 1238 3162 parata.
1247 3090 1327 3143 Mors
1336 3107 1415 3160 quarn

352 3186 405 3239 que
414 3169 633 3241 enimcapiebsnt
642 3170 733 3222 lunera
743 3183 835 3241 porte.
847 3197 858 3219 ι
904 3190 1037 3242 occupare
1045 3183 1096 3222 tuns
1105 3170 1182 3224 facile
1191 3169 1326 3235 rideatur,
1337 3187 1417 3241 quarn

393 3252 441 3316 69.
464 3249 522 3302 Non
546 3269 586 3300 ars
604 3249 669 3312 ulla,
693 3261 742 3302 eto.
764 3251 861 3320 Virgil.
905 3251 971 3305 adeo
983 3251 1085 3304 facilem
1100 3261 1126 3303 et
1141 3261 1258 3320 paratam
1271 3251 1419 3302 caeteriex·

352 3326 592 3398 Georg.111,549:
606 3329 862 3402 «Quoesitequeno
904 3332 1051 3403 perinutur.
1073 3329 1120 3382 uni
1140 3329 1206 3382 mihi
1231 3341 1357 3398 negatur.
1380 3357 1419 3368 -

352 3419 413 3460 cent
427 3421 509 3472 artent
523 3425 623 3460 cessere
636 3409 770 3478 magistri,
784 3423 835 3465 ete.
846 3436 858 3459 ι
904 3412 1002 3483 Sperne.
1016 3409 1136 3480 Seipsurn
1150 3409 1305 3480 alloquitur,
1330 3423 1362 3462 ut
1378 3427 1421 3461 su·

394 3505 439 3554 7⁰·
455 3486 554 3540 &deant
572 3487 696 3540 medentes.
707 3489 860 3562 Thucydid.
903 3492 994 3563 perias
1008 3509 1045 3542 vs.
1058 3491 1103 3554 34.

351 3565 369 3616 l.
383 3583 406 3618 c.
421 3566 487 3618 Olrs
506 3563 553 3636 γὰρ
577 3567 656 3638 les-pol
672 3568 787 3637 ἤρκουν...
809 3571 862 3623 tot·
944 3571 991 3642 78.
1005 3569 1125 3622 Contacta
1135 3587 1225 3638 mgna,
1244 3581 1292 3620 eto.
1312 3568 1421 3640 Linque

351 3647 422 3698 αὐτοὶ
438 3645 549 3716 μάλιστα
567 3647 708 3702 ἔθνησκον...
728 3649 781 3701 οὔτι
801 3650 860 3706 ἄλλη
903 3669 984 3722 regna
1008 3667 1067 3720 qne
1086 3649 1224 3701 funeribus
1248 3660 1274 3700 et
1301 3647 1422 3701 lacrimis

351 3725 489 3795 ἀνθρωπεία
498 3727 570 3792 τέχνη
583 3721 785 3796 οὐδιμὶαῶιίᾶ.
796 3729 861 3780 Met.
905 3728 1064 3800 implevisti,
1087 3747 1171 3800 esque
1190 3725 1319 3797 fugiendo
1344 3727 1422 3780 malis

352 3804 628 3869 unvitands-2:
643 3831 653 3852 ι
666 3808 863 3879 ...inqneipsos
905 3809 1005 3875 libera,
1026 3827 1084 3879 quse
1106 3821 1192 3861 tecum
1213 3807 1319 3860 invehis
1340 3808 1422 3860 luric-

351 3901 417 3936 saeva
431 3881 565 3936 medentes
575 3884 701 3954 Ernmpit
710 3885 805 3952 clades,
815 3889 863 3940 ob-
905 3901 960 3942 stus
974 3889 1069 3958 hospes
1089 3905 1096 3940 :
1117 3887 1177 3958 suge
1197 3887 1292 3957 opius,
1315 3885 1424 3940 etiarnsi

351 3976 466 4034 suntque
481 3965 744 4018 auctoribusartes.·
759 3967 863 4018 -Aa-
905 3968 1009 4021 nullum
1028 3965 1101 4020 alind
1125 3966 1264 4019 habiturus
1287 3965 1325 4018 sis
1346 3967 1425 4019 refu-

351 4044 434 4096 xr'la‘ure
449 4045 530 4098 trahit.
544 4045 597 4098 Eos
611 4041 711 4098 occidit
725 4045 772 4116 qui
788 4045 862 4116 egris
905 4047 977 4119 gium
992 4065 1069 4120 quarn
1082 4047 1109 4100 in
1122 4059 1263 4118 parentum
1274 4063 1406 4116 regnum.

350 4125 448 4175 auxilio
459 4137 542 4178 crant.
947 4145 991 4196 79.
1009 4127 1125 4180 Tubtrca.
1142 4125 1184 4180 cf.
1197 4143 1292 4195 snpra,
1314 4143 1355 4178 vs.
1375 4127 1423 4177 36.
