3042 5190
380 549 425 639 74
670 550 709 616 L.
737 547 916 617 sunm
942 545 1154 615 sunnon

424 673 496 755 En,
516 693 635 764 perage
658 669 783 738 donum
806 669 921 754 triste,
944 681 1102 762 regnator
1117 667 1203 736 freti.
1410 693 1445 741 ,n

426 781 503 850 Non
523 792 637 848 cernat
653 778 741 848 ultra
758 776 906 848 lucidum
922 776 1123 873 Hippolytus
1139 779 1245 863 diem,

323 957 325 962 .
424 889 597 984 Adeatquc
611 889 729 958 Manes
744 891 875 990 juvenis
892 891 996 958 iratus
1015 889 1116 984 patri.

428 1007 488 1072 Fer
505 1004 762 1074 abominandam
785 1029 875 1073 nuuc
898 1028 996 1099 opem
1016 1017 1110 1091 nato,
1132 1027 1262 1098 pareus.

424 1117 605 1209 Nunquam
628 1137 820 1208 supremum
840 1114 987 1183 numinis
1007 1137 1129 1183 munus
1147 1113 1197 1182 tui

428 1209 731 1309 consumeremus,
747 1246 868 1318 magne
885 1224 919 1292 ni
938 1237 1128 1318 premerent
1144 1222 1242 1292 mule.
1408 1215 1446 1294 sio

429 1337 522 1402 luter
540 1334 705 1428 profunda
720 1337 881 1418 Tartara,
900 1349 934 1402 et
954 1333 1066 1403 Ditem
1085 1333 1290 1419 horridum,'

427 1445 472 1511 Et
494 1444 705 1512 imminentes
724 1444 809 1538 regis
827 1443 952 1512 iufemi
970 1443 1096 1526 minas,

427 1553 515 1620 Voto
538 1555 693 1648 peperci:
715 1553 816 1622 redde
836 1572 927 1622 nunc
944 1567 1076 1648 pectam
1096 1551 1220 1638 fidem,

428 1663 580 1731 Genitor.
599 1664 743 1732 Muneris
756 1665 770 1732 Ρ
785 1685 846 1732 eur
865 1663 976 1732 adhuc
998 1661 1095 1731 uudae
1117 1660 1238 1730 silent?

425 1773 526 1846 Nunc
547 1787 619 1841 atra
639 1775 747 1841 ventis
764 1771 880 1842 nubila
902 1770 1152 1866 impellentibus
1409 1793 1446 1842 ⁹⁵⁵

425 1882 570 1951 Subtexe
588 1896 741 1968 noctem;
758 1882 867 1951 sidera
887 1898 920 1951 et
935 1879 1051 1950 caelum
1071 1881 1182 1974 eripe3

425 1990 571 2060 Effunde
593 2005 754 2086 pontum3
780 1991 899 2088 vulgus
918 2015 1108 2085 aequoreum
1127 1991 1199 2074 cie,

425 2099 628 2196 Fluctusque
650 2103 691 2170 ab
711 2104 784 2197 ipso
804 2103 954 2202 tumidus
972 2106 1108 2173 Oceano
1130 2123 1221 2168 vocs.

419 2290 486 2358 945.
499 2293 587 2342 Triste.
604 2291 643 2342 Ut
656 2308 711 2344 esee
724 2289 804 2344 debet
820 2309 888 2344 sem·
936 2291 1080 2354 scribitur,
1104 2289 1155 2342 hoc
1168 2299 1224 2340 erat
1237 2287 1360 2351 tertium,
1375 2287 1450 2358 quod

378 2381 517 2439 per,patre
524 2367 571 2421 filii
580 2385 672 2422 necem
684 2381 839 2440 exoptante;
850 2371 887 2425 sic
936 2369 970 2423 de
983 2369 1123 2441 Hippolyti
1142 2367 1252 2419 interitu
1271 2366 1353 2420 iratus
1372 2380 1450 2437 opta·

378 2447 620 2514 inluminandam
629 2448 779 2518 opemdioit.
936 2451 992 2502 vit:
1008 2467 1064 2520 quo
1089 2445 1247 2518 impetrato,
1272 2445 1300 2498 in
1319 2448 1450 2500 maximos

419 2531 487 2592 946.
503 2527 588 2588 Ultra,
606 2529 728 2600 amplius.
937 2530 1023 2582 luctus
1034 2527 1137 2581 incidit.
1147 2552 1158 2573 ι
1176 2525 1262 2580 Fau.
1274 2538 1301 2578 et
1315 2527 1406 2581 Dana.

420 2611 485 2675 947.
497 2607 577 2658 Iratus
587 2609 663 2676 putri.
675 2606 780 2660 Atlndit
790 2607 829 2670 ‚ad
842 2625 888 2660 eu·
977 2609 1044 2678 951.
1058 2610 1125 2660 luter
1131 2605 1254 2675 profunda
1265 2606 1389 2662 Tartara.
1401 2619 1449 2660 etc.

379 2683 480 2738 dacium
497 2701 612 2756 quacum
628 2687 718 2739 limina
733 2688 838 2740 Tartari
855 2687 891 2740 ir·
934 2689 1035 2741 Totum
1049 2688 1100 2740 hoc
1113 2701 1190 2756 paene
1203 2683 1237 2738 sd
1253 2686 1363 2737 verbum
1375 2697 1452 2738 retu·

379 2764 470 2834 rupit,
482 2765 644 2836 uxoriosque
652 2767 773 2830 Plutonis
787 2765 890 2821 furores
935 2767 968 2820 lit
986 2779 1087 2821 nostres
1105 2767 1196 2818 Recine
1217 2766 1244 2817 in
1259 2783 1303 2817 sua
1317 2765 1452 2831 Phaedra,

379 2843 474 2896 morit.
496 2843 563 2897 Inde
581 2857 667 2898 sutem
688 2847 715 2900 in
731 2847 816 2900 illium
832 2847 890 2900 talis
934 2859 959 2899 at
975 2863 1168 2917 supervacuum
1184 2857 1223 2897 est
1238 2844 1374 2896 notissima
1391 2863 1451 2898 om·

379 2923 438 2986 viri,
452 2935 525 2977 tauto
538 2927 622 2998 major
636 2925 688 2978 erit
698 2927 737 2979 ira
748 2928 890 2980 numinum
936 2927 1014 2978 nibus
1026 2925 1107 2978 citare
1125 2924 1249 2977 earmina.

380 3001 539 3057 inferorum.
978 3004 1044 3072 953.
1056 3006 1122 3057 Veto
1133 3007 1237 3074 peperci.
1252 3002 1312 3055 Non
1323 3021 1453 3056 eonsum-

419 3084 484 3151 943.
499 3079 864 3155 Panna.Nsptnne.Votum.
936 3085 977 3157 psi
991 3097 1082 3138 votum
1095 3083 1146 3136 hoc
1156 3083 1272 3135 tertium.
1353 3085 1356 3090 “

419 3167 485 3232 949.
499 3163 641 3233 Nunquam,
653 3181 721 3228 non3
732 3176 761 3216 ut
773 3164 891 3217 solemne
977 3163 1044 3233 9⁵5.
1058 3164 1131 3218 Nunc
1145 3175 1216 3226 urm,
1232 3175 1281 3216 etc.
1300 3160 1380 3214 Ordo
1395 3175 1452 3217 est:

379 3251 416 3295 est
429 3241 638 3312 poetis—Sum
650 3261 743 3294 munus.
755 3243 823 3296 Nam
834 3245 891 3313 pri·
938 3268 950 3292 ι
962 3243 1078 3296 subtexe
1090 3255 1195 3296 noctem
1210 3241 1294 3294 ventis
1308 3242 1454 3312 impellen-

379 3336 452 3371 mum
459 3320 651 3376 feceratrotum
660 3323 687 3374 in
695 3321 817 3384 latrones,
824 3321 890 3375 dum
935 3325 1006 3377 tibus
1015 3337 1070 3376 atre
1080 3322 1181 3375 nubila.
1193 3347 1204 3368 ι
1214 3319 1344 3374 satiem
1355 3337 1454 3374 noctem

377 3399 493 3450 Athenas
506 3401 721 3469 proficisceretur
733 3417 748 3453 a
762 3403 891 3456 Troezene
935 3417 987 3469 est,
1001 3403 1077 3474 qussi
1096 3415 1236 3456 contexere
1255 3402 1342 3453 velum
1356 3403 1456 3474 coligi·

261 3533 265 3540 ,
377 3477 424 3528 obi
440 3489 585 3531 natusest:
598 3479 759 3538 secuudum.
776 3493 805 3535 ut
822 3501 837 3535 e
853 3481 890 3534 ls-
934 3483 993 3548 nis,
1008 3483 1185 3536 tenebrarum.

377 3557 506 3627 byrinthu
515 3558 603 3612 redire
615 3571 712 3630 posset.
723 3560 778 3614 Cio.
789 3559 822 3614 de
833 3562 888 3614 oft.
976 3569 1042 3632 957.
1056 3563 1152 3630 Vulgus
1170 3579 1313 3632 ecquonam.
1326 3559 1456 3616 Monstra

377 3636 425 3687 lib.
440 3638 466 3694 1,
483 3634 733 3703 c.10,§32‚ait:
749 3641 840 3694 «Num
853 3641 890 3706 si,
935 3641 1047 3696 murina.
1061 3671 1100 3683 --
1111 3641 1170 3704 Cis,
1184 3641 1276 3693 excita.

378 3716 448 3767 utin
464 3715 560 3770 fabulis
571 3730 623 3782 est,
641 3719 797 3790 Neptunus,
816 3719 890 3792 quod
976 3722 1042 3788 958.
1056 3719 1190 3782 Tumidos,
1203 3737 1252 3790 per
1267 3719 1453 3791 hypallagen:

377 3794 480 3847 Theseo
499 3798 671 3866 promiserat,
696 3818 750 3851 non
771 3801 889 3865 lecisset3
934 3799 1028 3853 debuit
1036 3801 1164 3852 enimvox
1173 3800 1218 3852 illa
1226 3797 1362 3850 seles-ried
1374 3801 1458 3851 Ocea-

376 3874 493 3928 Theseus
507 3876 563 3928 filio
583 3877 730 3949 Hippolyto
747 3896 802 3931 uon
821 3893 890 3934 esset
935 3882 1101 3950 rso—Ipso,
1113 3893 1237 3950 tunquam
1255 3877 1456 3931 fluctuosorum

376 3955 492 4012 orbatum.
506 3957 548 4010 Ex
558 3957 644 4011 tribus
657 3957 728 4012 enim
739 3960 848 4030 optatis,
858 3971 888 4015 ut
932 3973 959 4014 et
972 3971 1144 4016 astuosorom
1157 3957 1271 4012 marium
1282 3970 1440 4028 regnatore.
