3042 5156
386 485 455 558 ²7²
683 461 723 528 L.
750 459 923 531 ANNAEI
948 457 1154 530 SENECAE

564 733 851 826 CHORUS
899 731 1268 821 TROADUM.·

530 991 657 1058 Verum
678 983 751 1054 est?
769 1009 812 1053 an
832 981 965 1052 timidos
984 981 1095 1052 sabula
1116 983 1256 1079 decipit,

531 1097 676 1170 Umbras
698 1095 896 1190 corporibus
920 1094 1030 1164 vivere
1046 1095 1209 1168 conditis?

535 1211 651 1298 Quum
674 1205 797 1300 conjux
817 1203 921 1276 oculis
939 1205 1097 1298 imposuit
1118 1231 1274 1294 manum,

533 1322 782 1412 Supremusque
802 1315 871 1384 dies
893 1313 1018 1383 solibus
1039 1317 1186 1402 obstitit,
1398 1343 1429 1394 ῳ

530 1433 574 1500 Et
594 1429 696 1498 tristis
715 1427 842 1496 cineres
863 1449 947 1494 urna
968 1425 1137 1513 coercuit,

530 1541 608 1610 Non
633 1537 768 1634 prodest
788 1536 933 1604 animam
956 1535 1086 1605 tradere
1107 1536 1233 1626 funeri,

532 1647 597 1716 Sed
620 1661 722 1717 restat
739 1647 868 1716 miseris
886 1647 996 1716 vivere
1017 1645 1171 1741 longius?

528 1761 581 1828 An
600 1756 662 1826 toti
681 1756 864 1844 morimur,
883 1754 1041 1850 nullaque
1061 1781 1137 1850 pars
1156 1772 1268 1828 manet

530 1867 666 1954 Nostri,
687 1890 792 1960 quum
816 1865 959 1960 profugo
979 1867 1114 1961 spiritus
1138 1865 1243 1937 halitu
1403 1886 1435 1926 ³⁸⁰

529 1977 705 2047 immixtus
724 1975 854 2052 nebulis
874 1977 973 2044 cessit
995 1977 1029 2045 iu
1048 2001 1145 2060 aera,

529 2091 573 2158 Et
591 2087 719 2156 nudum
742 2087 850 2181 tetigit
871 2086 1004 2154 subdita
1025 2085 1080 2155 fax
1099 2085 1210 2157 latus?

531 2197 705 2292 Quidquid
723 2195 779 2267 Sol
798 2197 928 2284 oriens,
946 2195 1110 2292 quidquid
1128 2212 1161 2266 rt
1178 2197 1329 2267 occidens

531 2309 660 2382 Novit:
683 2305 830 2376 coeruleis
849 2310 1004 2377 Oceanus
1023 2307 1113 2376 fretis

387 2513 525 2576 mascula,
537 2511 683 2562 Hectoreae.
695 2539 734 2550 --
746 2509 840 2562 Priami
853 2531 894 2563 ne·
942 2512 1008 2565 bant
1021 2509 1148 2583 sangiune
1159 2511 1313 2584 propinqui.
1328 2511 1440 2567 Fannia.

383 2593 576 2668 posHectoreus.
585 2592 728 2660 Astyanax,
740 2589 838 2642 Priami
848 2609 896 2644 ne·
985 2591 1051 2662 375.
1066 2591 1172 2651 Solibus.
1186 2592 1239 2646 luci
1253 2593 1343 2659 vitali,
1359 2611 1392 2646 ne
1407 2591 1441 2643 vi·

388 2693 453 2746 poe,
465 2671 535 2724 filius
550 2667 679 2721 Hectoris.
693 2699 733 2710 -
743 2669 814 2721 Mille
825 2671 895 2722 velis.
944 2670 1038 2724 der-ent
1048 2671 1129 2724 colem
1141 2669 1274 2743 diemque.

390 2753 450 2808 Suis
477 2749 550 2804 mille
577 2748 688 2801 navibus
713 2748 800 2802 clareia
826 2768 897 2802 mare
988 2753 1053 2822 376.
1069 2751 1443 2822 ϋιπα,ςιιωοίιιοῑοεοοω31ι·

387 2830 509 2902 occupet.
946 2843 1048 2884 ntorum
1064 2831 1145 2901 capit.

429 2913 485 2966 Aet.
500 2908 536 2972 ll.
553 2925 588 2962 ec.
604 2925 649 2962 ιιι.
664 2907 793 2961 Choruee
804 2907 899 2962 mulie·
984 2910 1049 2982 377.
1066 2911 1123 2963 Non
1135 2910 1248 2981 prodest,
1268 2922 1317 2966 etc.
1333 2911 1445 2964 Interm-

389 2994 463 3047 ribue
478 2988 618 3060 Troianis,
634 3000 685 3041 tam
708 2999 797 3041 mente
817 3005 897 3058 quam
943 2991 1030 3060 patine
1042 2989 1310 3044 ‹lictum-Animam
1323 3004 1354 3043 tr.
1361 2991 1446 3059 fimeri.

389 3088 502 3142 corpore
516 3068 615 3138 captia,
625 3067 671 3138 qui
683 3067 798 3122 animam
809 3067 900 3120 Achil·
943 3070 1042 3124 Funeri
1053 3068 1156 3124 tradere
1164 3089 1277 3141 corpur,
1287 3069 1362 3143 qnod
1374 3067 1449 3122 modo

388 3153 422 3207 lit
438 3148 591 3221 apparoiaee
613 3159 706 3217 neget.
728 3166 760 3201 ex
788 3146 898 3218 Epicuri
942 3149 1164 3221 vigebatanima3
1178 3149 1213 3204 of.
1230 3151 1345 3204 inl-aot.
1359 3151 1422 3204 38⁰.

391 3229 531 3290 ualentia,
545 3245 604 3297 qne
616 3243 665 3280 neo
675 3225 823 3280 Stoicorum
833 3231 901 3279 rnul-
985 3229 1051 3300 378.
1062 3227 1113 3282 Sed
1122 3241 1197 3280 mter
1208 3233 1300 3282 miseria
1310 3233 1394 3282 uicere
1406 3229 1452 3281 tw

390 3325 419 3366 to
432 3308 536 3370 unior,
554 3307 632 3360 etulte
652 3319 679 3360 et
699 3299 747 3374 (ut
766 3307 846 3360 eernel
865 3303 900 3358 de
941 3313 1020 3379 pius?
1033 3313 1074 3362 Au
1088 3321 1168 3363 reatat
1188 3309 1243 3362 vita
1266 3323 1331 3381 poet
1352 3310 1451 3362 tuane?

391 3403 449 3445 toto
470 3386 553 3440 ehoro
575 3375 719 3454 moneam)
742 3385 823 3456 impie
842 3384 900 3438 eni·
944 3407 1025 3460 qoem
1039 3388 1148 3460 quidem
1165 3389 1246 3442 vitam
1265 3389 1393 3443 miseram
1405 3385 1453 3440 ‹lu-

391 3485 463 3526 mem
478 3484 538 3518 cum
554 3483 667 3536 corpore
681 3467 791 3520 interire
802 3464 899 3536 aperit,
944 3482 1038 3522 aerum
1054 3467 1147 3522 Stoici.
1158 3468 1246 3522 Fran.

390 3549 544 3617 attilamque
555 3545 639 3600 noetri
651 3557 752 3617 partem
765 3563 880 3598 manere.
986 3548 1140 3617 380.Quum
1146 3549 1363 3619 pmfagorpr'n'eae
1372 3545 1456 3608 talita,

432 3627 497 3696 ³7²·
526 3625 642 3678 Trauos.
663 3625 732 3689 Noe,
755 3625 899 3680 mortalee:
945 3640 993 3680 etc.
1003 3627 1078 3682 Hanc
1088 3628 1200 3698 exponit
1211 3627 1371 3698 opinionem
1381 3665 1390 3692 ,
1402 3643 1459 3698 que

391 3721 422 3763 ut
438 3703 525 3761 timidi
540 3723 640 3757 eumue.
945 3707 996 3759 fert
1008 3707 1122 3760 animam
1138 3705 1180 3770 (ex
1199 3719 1288 3762 mente
1308 3707 1410 3770 Chori)
1429 3723 1460 3758 ex

433 3785 500 3857 373.
514 3785 625 3836 unitas.
642 3783 763 3836 Animae.
774 3815 815 3826 -
832 3784 899 3837 Con·
944 3805 1005 3840 aere
1020 3807 1064 3840 seu
1079 3789 1270 3840 elementorum
1286 3787 1462 3841 subtilissima

392 3869 462 3928 ditis,
479 3863 597 3934 sepultis.
944 3879 1019 3937 parte
1042 3880 1209 3934 concretam,
1237 3864 1326 3920 redire
1352 3867 1383 3920 in
1403 3866 1463 3928 ille,

431 3948 496 4016 374.
520 3943 600 4010 Quum
622 3943 710 4010 conjux
730 3944 804 3996 ocub'r
827 3949 901 4016 impo-
944 3943 1017 3998 node
1029 3959 1087 4002 orta
1100 3948 1143 4000 sit.

391 4029 456 4084 suit,
470 4036 519 4076 eto.
534 4021 588 4074 Ubi
601 4023 699 4092 conjux
710 4023 830 4094 conjugia
842 4041 900 4078 mo·
985 4025 1158 4080 tenuram
1168 4027 1248 4091 letus,
1257 4024 1463 4082 undamentum

389 4105 482 4163 aientia
496 4101 588 4156 oculo·
605 4098 719 4168 claudit,
735 4100 809 4172 qood
824 4102 901 4158 facie·
945 4103 1079 4160 cadaveris
1093 4105 1200 4160 inanimi
1214 4106 1356 4178 reliquiae.
