3124 5162
483 446 675 518 Manus.
702 433 812 520 ten.
839 451 887 518 11.
1147 449 1215 546 375

205 590 293 636 usn.
316 565 463 662 Supplex
480 567 636 639 recedens
652 567 737 640 illud
756 585 940 642 entremum
958 596 1086 666 precor,

205 676 257 745 Ne
278 673 375 770 culpa
397 691 492 746 natos
508 678 624 746 matris
643 679 790 752 insontes
809 680 929 749 trahat.

205 808 259 854 cn.
275 783 390 872 Vade,
410 785 472 854 hos
488 798 645 878 paterno,
665 802 702 855 ut
720 789 861 881 genitor,
880 789 1040 882 excipiam
1059 790 1143 860 sinu.

135 977 138 984 .
204 915 291 962 usu.
308 897 374 964 Per
392 919 455 988 ego
473 895 657 988 auspicatos
677 896 759 991 regii
786 895 921 972 thalami
941 913 1042 985 toros,
1180 925 1222 964 ‚ss

204 1003 268 1070 Per
284 1027 357 1096 spes
374 1001 520 1088 futuras,
541 1027 668 1096 perque
687 1029 867 1099 regnorum
886 1021 1008 1094 status,

203 1114 351 1180 Fortuna
368 1112 458 1181 varia
476 1111 576 1180 dubia
598 1137 683 1206 quos
700 1114 804 1207 agitat
822 1113 912 1202 vice,

202 1222 334 1309 Precor,
352 1211 485 1290 brevem
504 1218 625 1316 largire
644 1221 784 1316 fugienti
805 1247 953 1306 moram,

203 1333 293 1400 Dum
318 1344 464 1398 extrema
482 1329 567 1399 uatis
588 1345 694 1400 mater
711 1331 815 1426 infigo
835 1329 959 1418 oscula,

201 1441 352 1508 Fortasse
371 1440 528 1509 moriens·
546 1463 599 1508 cu.
615 1437 802 1510 Fraudibus
821 1454 951 1533 tempus
968 1440 1064 1533 petis.
1177 1475 1216 1515 es·

202 1570 290 1618 usn.
308 1549 394 1637 Quae
409 1548 500 1619 fraus
515 1547 624 1618 timeri
641 1563 790 1643 tempore
808 1549 926 1642 exiguo
942 1549 1071 1643 potest?

104 1694 111 1707 ·
201 1681 256 1728 cu.
274 1655 410 1737 Nullum
429 1658 472 1726 ad
485 1657 673 1727 nocendum
689 1673 820 1752 tempus
835 1671 1017 1752 angustum
1032 1672 1082 1728 est
1095 1657 1200 1730 malis.

199 1791 285 1836 meu.
308 1771 470 1836 Parumne
486 1769 614 1848 miserae
633 1769 791 1861 temporis
810 1764 952 1838 lacrimis
971 1768 1094 1862 negas?

199 1899 254 1946 ca.
277 1877 348 1946 Etsi
367 1891 529 1972 repugnat
550 1874 705 1972 precibus
724 1876 846 1946 infixus
867 1878 977 1964 timor,

199 1989 298 2056 Unus
314 1987 462 2080 parando
482 1987 614 2055 dabitur
635 1985 749 2056 exsilio
767 1986 858 2060 dies..
1034 2002 1040 2020 '
1172 2010 1211 2061 ³⁹⁵

198 2118 285 2165 usu.
308 2097 417 2166 Nimis
435 2110 503 2184 est;
520 2093 647 2166 recidas
664 2094 789 2190 aliquid
809 2119 850 2164 ex
871 2094 935 2164 isto
957 2093 1043 2166 licet.

198 2209 241 2276 Et
258 2205 330 2300 ipsa
349 2229 505 2300 propero.
523 2229 579 2276 cn.
597 2205 718 2299 Capite
739 2201 939 2298 supplicium
956 2201 1043 2290 lues,
1148 2257 1160 2273 .

197 2313 317 2385 Clarus
334 2314 527 2408 priusquam
542 2313 686 2384 Phoebus
704 2310 834 2382 attollat
852 2311 958 2398 diem,

190 2553 255 2608 sss.
267 2552 425 2623 Arupieeton
446 2563 497 2606 etc.
514 2552 589 2606 Bono
608 2571 657 2606 au·
699 2551 749 2606 etsi
770 2563 894 2606 excutere
914 2564 1029 2616 tentem,
1046 2551 1208 2611 adhaerescit.
1240 2607 1242 2612 .

150 2630 231 2703 spiaio
244 2644 344 2703 ereptas
361 2630 464 2686 Iasonis
482 2643 509 2684 et
525 2631 587 2684 filias
603 2644 654 2685 turs
698 2630 813 2696 Gallice,
827 2631 893 2703 aqui
913 2649 956 2684 me
970 2631 1093 2702 poursuit
1106 2635 1207 2707 mslgsd·

149 2713 269 2781 nuptias,
279 2730 335 2764 non
348 2722 378 2764 nt
389 2729 470 2778 mess,
479 2728 537 2783 que
549 2710 657 2765 luerunt
697 2711 761 2763 moi.
773 2735 784 2756 ι
800 2708 865 2763 vid.
878 2709 1019 2764 Animadv.

150 2787 327 2861 inauspicatae.
343 2791 408 2862 Sup.
419 2809 459 2844 rs.
474 2793 519 2844 16.
683 2795 688 2814 ’
738 2791 803 2858 296.
813 2789 893 2842 Nimis
904 2800 955 2852 est,
965 2802 1015 2842 ete.
1026 2789 1102 2843 Ultra
1113 2805 1205 2846 sotum

189 2871 256 2924 286.
267 2869 325 2922 Per
344 2888 395 2939 spes
412 2869 527 2936 satana,
541 2885 606 2938 quas
622 2885 654 2920 ex
695 2867 762 2920 mihi
776 2869 877 2919 morsm
890 2865 1036 2932 indulsisti,
1047 2886 1163 2940 namque
1178 2871 1206 2924 iu

148 2965 218 3001 noso
236 2948 375 3019 suscepisti
394 2948 525 3018 conjugio.
550 2977 590 2990 -·
606 2947 655 2999 Re·
695 2964 752 2999 reus
775 2963 859 2998 meatu
881 2957 920 2998 est
941 2945 1029 3016 lugam
1048 2947 1208 3013 accelerare,

146 3026 665 3094 guonemGeneraliterdictumffotum
695 3021 850 3096 seproiude
863 3024 957 3094 etipsa
970 3027 1224 3110 propero-Istos
1253 3072 1256 3078 .
1338 3042 1341 3050 “

148 3105 219 3159 hunc
232 3106 322 3178 locum
338 3106 429 3176 inepte
447 3103 569 3176 iutelligit
582 3105 656 3175 galli·
696 3116 816 3176 tempore
826 3101 899 3175 quod
912 3113 941 3156 tu
953 3103 1019 3154 mihi
1029 3101 1085 3158 das.

147 3202 196 3238 cus
205 3185 350 3256 interpres:
362 3210 373 3233 ι
384 3186 436 3238 Par
446 3178 594 3238 l'heureuse
604 3196 664 3237 sta-v
736 3201 798 3253 ²97·
814 3182 876 3254 Cep.
890 3181 968 3253 suppl.
981 3182 1040 3236 lues.
1052 3182 1205 3256 Respondet

146 3261 223 3316 bilite
234 3268 271 3316 du
283 3266 359 3318 trdus
369 3261 403 3317 de
412 3263 557 3328 Corinthe‚
567 3262 653 3316 tendis
695 3263 780 3326 Creo,
793 3262 827 3316 its
846 3274 875 3316 ut
888 3281 942 3314 non
954 3259 1075 3315 videatur
1089 3261 1204 3319 audiisse

145 3359 199 3413 qne
211 3344 249 3396 les
261 3355 348 3396 autres
360 3343 473 3416 suspires
492 3354 553 3396 sont
572 3342 653 3414 sujete
695 3341 817 3414 quasilla
833 3341 914 3394 modo
930 3339 1043 3412 protulit
1061 3361 1146 3395 voees.
1165 3375 1205 3388 -·

143 3423 159 3472 d
173 3419 210 3475 de
220 3421 243 3475 ai
254 3421 364 3476 cruelles
375 3421 547 3480 resolutione.
559 3447 571 3468 s
696 3421 790 3490 Capite.
800 3417 940 3491 Euripides
949 3418 1029 3472 simili
1039 3421 1093 3474 fere
1103 3422 1185 3476 modo
1196 3444 1203 3475 s

185 3519 252 3570 apo.
268 3501 413 3556 Fraudibus.
426 3501 451 3554 1.
462 3519 486 3554 e.
499 3498 534 3554 ad
549 3498 654 3552 fraudes
694 3496 886 3556 Ete't’euoea
899 3497 1002 3570 λαμπὰς
1021 3499 1108 3560 dissat
1121 3505 1204 3555 θιοῡ...

143 3577 293 3633 struendas.
695 3583 774 3646 Θανῇ.
793 3576 896 3630 Ennius
919 3577 947 3630 iu
969 3576 1088 3632 Medea:
1110 3579 1158 3633 .si
1180 3593 1205 3634 te

186 3677 254 3730 ²9²·
266 3658 357 3724 Maiis,
371 3659 403 3712 iis
417 3659 463 3730 qui
474 3657 543 3712 malo
560 3657 656 3712 admit·
695 3653 812 3709 secundo
821 3655 922 3708 lumine
933 3656 977 3708 hic
986 3655 1205 3724 offendermnso·

142 3735 227 3790 tendo
240 3737 419 3792 insueverant.
695 3735 772 3789 ciere.
784 3759 795 3782 ι
1187 3785 1190 3791 .

189 3816 257 3884 ²93·
275 3818 411 3882 Parumne,
428 3829 477 3870 etc.
500 3814 575 3869 Ordo
593 3828 652 3869 est:
738 3815 802 3882 ²93·
819 3813 906 3866 Clarus
918 3819 1075 3886 priusquam,
1093 3828 1141 3869 etc.
1156 3815 1206 3870 Or·

145 3895 290 3966 «Negasne
309 3915 403 3966 parum
426 3895 554 3968 temporis
574 3893 654 3948 lacri-
696 3891 731 3946 do
746 3907 802 3946 est:
821 3895 940 3964 «Capite
959 3895 1118 3966 supplicium
1136 3895 1208 3961 lues,

142 3973 197 4028 atis
210 3973 354 4028 miseere?-
459 4007 463 4016 ,
697 3973 749 4026 nisi
763 3971 835 4025 cedis
848 3973 948 4026 Isthmo
965 3969 1015 4036 (vs.
1029 3969 1097 4045 etp),
1118 3971 1205 4044 prius·

189 4059 253 4120 ²9⁴·
271 4052 371 4124 Insanus.
391 4054 446 4120 Qui
466 4055 556 4108 auimo
577 4071 652 4120 meo,
697 4071 775 4124 quarn
787 4051 901 4106 Phoebus
912 4053 1009 4116 clarus,
1022 4065 1090 4106 ete.»

970 4145 1039 4232 nil
