3124 5162
380 531 453 632 396
663 541 703 608 L.
731 541 906 612 sunm
931 543 1142 614 senecas

425 660 592 729 Memoria
611 663 714 748 nostri
734 663 852 733 subeat
871 691 878 734 :
896 665 966 735 lraec
988 666 1045 734 irae
1062 664 1139 734 data
1331 755 1334 763 Ι

425 765 666 840 Obliterentur.
685 795 753 842 sss.
773 775 897 842 Omnia
915 799 955 844 es
977 775 1090 844 enimn
1106 771 1236 868 expuli3

425 879 635 972 Precorque,
651 893 684 948 et
702 881 771 974 ipsa
788 881 948 952 fervidam
971 899 1008 953 ut
1026 898 1170 954 mentem
1190 909 1304 980 regas,

425 984 623 1081 Placideque
646 1002 792 1059 tractes:
814 991 964 1062 miserias
984 991 1066 1062 lenit
1084 994 1189 1088 quies.

426 1119 513 1166 usu.
534 1097 720 1168 Discessit:
739 1099 818 1168 itan'
835 1101 907 1171 est?
929 1101 1021 1172 vadis
1042 1100 1166 1172 oblitus
1181 1101 1266 1186 mei,
1407 1126 1445 1163 ⁵⁶·

425 1209 470 1274 Et
489 1219 539 1274 tot
556 1231 708 1276 meorum
725 1207 940 1280 facinorum?
958 1209 1242 1308 excidimustibi?

424 1317 606 1410 Nunquam
623 1315 820 1388 excidemus.
834 1323 908 1388 Hoc
924 1343 1004 1414 age,
1022 1345 1137 1390 omnes
1155 1319 1279 1390 advoca

425 1425 521 1494 Vires
540 1440 574 1494 et
590 1440 677 1495 artes
695 1427 851 1498 :tructus
871 1443 922 1500 est
943 1427 1104 1498 scalenum
1124 1427 1208 1515 tibi,

425 1533 566 1604 Nullum
588 1535 694 1606 scelus
710 1552 839 1631 putare.
852 1539 918 1608 Vix
934 1538 1042 1608 fraudi
1061 1552 1111 1608 est
1128 1536 1242 1606 locus:

425 1645 606 1716 Timemuc.
626 1651 697 1716 Hac
712 1646 911 1742 aggredere,
935 1673 1002 1742 qua
1027 1673 1126 1718 nemo
1146 1661 1255 1742 potest
1405 1669 1439 1706 ⁵⁶³

425 1754 617 1848 Quidquam
635 1757 773 1826 timere:
791 1781 914 1852 perge:
933 1781 1024 1827 nuuc
1044 1757 1147 1843 aude,
1165 1757 1290 1850 incipe,

425 1863 600 1959 Quidquid
619 1881 729 1960 potes,
749 1867 887 1954 Medea,
907 1867 1071 1962 quidquid
1089 1891 1157 1936 nou
1176 1879 1279 1962 potes.
1365 1889 1371 1897 ’

377 2019 415 2076 sio
427 2023 505 2094 plane
514 2023 676 2094 Sophoclem
686 2025 753 2097 Aiax
766 2045 780 2080 a
796 2025 887 2098 priore
934 2038 990 2092 tes,
1013 2039 1060 2094 ut,
1076 2026 1147 2080 curis
1159 2024 1216 2078 aliis
1229 2021 1358 2088 exclusis,
1379 2021 1439 2076 huic

379 2101 509 2154 sententis
529 2104 663 2158 recessim
682 2124 710 2158 se
727 2105 821 2176 lingit,
836 2107 889 2159 Te·
933 2105 981 2158 uui
993 2106 1032 2158 rei
1047 2105 1136 2158 animo
1145 2101 1327 2158 attenderent:
1341 2101 1439 2156 lorinu-
1465 2161 1468 2166 ,

379 2197 484 2236 cmessss
499 2200 513 2234 a
526 2200 553 2235 se
567 2183 734 2238 removendae
743 2202 835 2250 causa,
854 2203 888 2238 ue
933 2184 966 2238 le
987 2185 1087 2238 mentio
1103 2185 1135 2237 lit
1154 2181 1225 2256 apud
1246 2184 1392 2247 Senecam,
1408 2180 1439 2234 de

378 2277 405 2312 se
417 2259 565 2314 interlicere
579 2262 678 2316 solenti
695 2261 887 2336 impedimento
934 2264 1020 2317 Clem.
1034 2264 1082 2316 lib.
1094 2265 1124 2327 1;
1136 2281 1213 2316 usum
1227 2275 1253 2315 et
1267 2261 1438 2332 significatio-

378 2337 448 2392 loret
466 2361 472 2390 :
496 2339 596 2413 illaque
612 2341 749 2414 Sophoclis
764 2343 837 2395 fictio
851 2342 888 2396 sic
933 2361 995 2396 uem
1010 2343 1168 2396 Plutarchus
1183 2339 1294 2396 tradidit
1309 2341 1338 2392 iu
1352 2339 1438 2393 Numa

379 2417 495 2488 Virgilio
518 2421 630 2490 placuit,
654 2433 684 2474 ut
710 2421 739 2474 iu
763 2419 887 2475 divinum
934 2435 961 2476 et
974 2423 1002 2474 iu
1012 2421 1176 2476 Coriolano:
1194 2417 1324 2475 videndus
1333 2419 1438 2490 adagio,

379 2515 465 2567 opus,
478 2501 539 2551 AEn.
554 2500 605 2564 IV,
624 2505 681 2552 edm
700 2501 864 2555 transtulerit
879 2521 885 2554 s
933 2501 1040 2571 hoenge,
1052 2497 1438 2565 etBrissouius,deForuaulis,

378 2575 417 2628 ibi
431 2593 545 2648 namque
557 2577 628 2630 Dido
641 2591 710 2632 certa
718 2581 770 2650 jsm
780 2580 849 2632 mori
862 2593 889 2634 et
931 2579 980 2634 lib.
995 2581 1018 2633 1.
1034 2581 1141 2646 Noster,
1154 2599 1191 2634 rs.
1203 2579 1272 2648 905:
1288 2601 1299 2622 ι
1310 2577 1361 2631 boc
1377 2596 1438 2648 ege,

379 2652 525 2708 deliberata
545 2669 629 2710 morte
645 2657 749 2724 sortior,
771 2654 807 2722 (e.
821 2655 887 2730 477)
933 2672 960 2713 et
982 2659 1042 2712 laxo
1062 2660 1162 2725 sciunt,
1183 2672 1234 2712 etc.
1250 2684 1262 2706 ι
1287 2658 1336 2711 Vs.
1359 2661 1436 2726 976:

382 2757 394 2780 ι
405 2733 553 2788 Consilium
568 2735 641 2789 vultu
661 2737 741 2808 tegit,
762 2757 794 2792 ac
813 2757 888 2810 spem
936 2764 948 2785 ·
959 2739 1037 2793 Nunc
1047 2739 1099 2793 lsoc
1111 2757 1166 2810 age,
1178 2737 1278 2805 anime,
1288 2755 1343 2789 nou
1355 2737 1383 2788 iu
1393 2753 1439 2788 oo·

378 2811 467 2866 fronte
478 2828 590 2868 serenat.
603 2841 614 2862 ι
932 2818 1020 2883 culto,
1034 2831 1084 2872 etc.
1100 2844 1111 2865 ι
1132 2847 1168 2862 -
1181 2818 1269 2871 Omnes
1285 2815 1384 2868 dm.
1405 2817 1438 2868 Se

421 2893 488 2946 556.
506 2895 569 2946 Ilaec
589 2897 632 2946 ires
652 2893 786 2950 datu.1lls
807 2897 886 2952 rerba
931 2897 1015 2970 ipsam
1025 2897 1167 2970 alloquitur
1177 2909 1204 2950 et
1214 2896 1327 2949 concitat
1336 2893 1438 2947 Medea.

379 2975 438 3044 quse
461 2971 507 3026 ire
535 2991 599 3026 meae
628 2993 677 3046 ego
703 2977 837 3042 concessi,
858 2989 887 3030 tu
972 2973 1439 3046 564.Nullaensac.pst.llilaillsabere

379 3051 520 3105 obliterare
534 3050 623 3108 debes.
931 3067 1055 3126 tauqusm
1068 3056 1236 3119 sceleratum,
1257 3067 1375 3125 tanqusm
1391 3071 1442 3104 ue-

420 3129 486 3198 ⁵59.
498 3131 609 3185 Miserius
624 3134 683 3186 lenit
702 3139 776 3206 quies.
791 3135 888 3188 Leuio-
931 3135 1057 3200 l'audum,
1073 3149 1099 3188 et
1118 3155 1133 3189 a
1151 3153 1206 3207 quo
1224 3131 1320 3186 debeas
1335 3129 1441 3186 idcirco

378 3227 421 3262 res
431 3209 555 3264 ridentur
574 3213 699 3277 miserie,
712 3215 733 3266 ai
746 3215 841 3267 leviter
852 3214 885 3266 il·
930 3215 1112 3268 abstinere-
1119 3213 1261 3281 Virsmudi
1268 3233 1289 3265 e.
1303 3213 1386 3264 locus:
1399 3213 1441 3264 Ti·

378 3286 417 3341 las
435 3288 494 3359 quis
512 3291 592 3353 ferat,
610 3309 661 3344 nec
676 3291 814 3362 querendo
826 3312 887 3346 exa·
930 3313 1026 3347 memus.
1048 3292 1163 3347 Difficile
1183 3306 1222 3347 est
1243 3309 1305 3346 eum
1331 3291 1443 3354 fallere,

379 3381 480 3437 speret:
492 3384 634 3440 augescunt
647 3370 785 3424 iracundia
799 3384 826 3425 et
837 3372 888 3424 im·
930 3374 976 3445 qui
992 3373 1046 3426 falli
1059 3372 1135 3426 timet
1148 3394 1154 3424 =
1175 3391 1190 3426 e
1206 3383 1297 3426 eontra
1308 3369 1389 3423 tacite
1402 3383 1444 3422 est

378 3446 513 3516 patientia.
526 3449 617 3503 Horat.
630 3449 720 3512 Od.1,
733 3459 780 3515 aa,
794 3469 828 3521 ¹9
844 3471 883 3524 sq.
929 3453 1004 3506 illum
1016 3453 1224 3517 circumvenire,
1239 3451 1286 3524 qui
1300 3467 1327 3503 se
1348 3447 1445 3518 decipi

381 3550 393 3571 ·
404 3525 501 3580 Levius
511 3527 542 3582 lit
552 3531 675 3598 patieutis
682 3529 885 3602 quidquidCor·
929 3551 984 3585 uon
1008 3550 1085 3604 posse
1107 3529 1242 3585 conlidit:
1259 3529 1341 3602 plane
1358 3527 1447 3580 conli-

377 3604 463 3676 rigere
477 3619 515 3659 est
528 3609 755 3663 nesam-lason
766 3611 831 3664 alsit.
929 3610 1017 3666 dentis
1032 3609 1134 3665 insidiis
1158 3611 1273 3681 exposita
1289 3625 1296 3660 ε
1315 3619 1447 3660 metuen-

419 3687 486 3739 661.
500 3689 549 3739 Tot
559 3708 661 3741 meorum
667 3690 813 3756 sucinorum.
829 3691 884 3743 Tot
931 3703 984 3745 tem
998 3711 1053 3744 non
1070 3691 1120 3744 uisi
1135 3703 1226 3762 aperto
1242 3689 1328 3742 Marte
1345 3686 1449 3759 oppri-

375 3781 465 3816 recum
480 3785 606 3838 qusspro
624 3781 650 3821 te
663 3771 739 3840 gessi.
755 3803 793 3814 -
804 3771 883 3823 Επεὶ·
930 3787 1003 3824 mere
1016 3789 1104 3842 queas.

375 3843 709 3901 umusrtttrememoria.
972 3850 1037 3904 565.
1056 3850 1113 3901 Hac
1136 3848 1281 3918 aggredere,
1302 3865 1354 3916 qua
1378 3865 1454 3897 neno

415 3923 481 3977 ⁵62.
497 3923 625 3998 Nunquam
640 3927 782 3980 excidemus.
799 3927 831 3982 Id
845 3929 884 3982 la·
926 3940 1021 4000 potest,
1032 3942 1082 3983 etc.
1099 3928 1218 3999 Explicet
1232 3927 1316 3988 inira,
1327 3943 1360 3976 v.
1378 3925 1452 3994 570.

372 4001 456 4066 ciam,
466 4014 496 4055 ut
505 4021 611 4075 semper
619 4005 654 4057 sis
667 4025 768 4062 memor
780 4010 883 4062 mcl.—-
971 4009 1036 4078 567.
1051 4007 1177 4080 Quidquid
1181 4019 1259 4078 potes,
1273 4004 1369 4057 Medea
1378 4043 1389 4069 ,
1398 4017 1456 4056 etc.

372 4081 428 4132 Hoc
449 4101 504 4150 ege.
530 4083 708 4138 Monelssutur
726 4086 779 4138 hoc
797 4088 880 4140 serlso
930 4087 1009 4141 Proui
1021 4087 1092 4140 enirn
1102 4086 1182 4140 tudii
1194 4085 1292 4140 certius
1304 4082 1457 4138 iudicium

368 4161 544 4216 sacrificantes
570 4177 596 4217 et
624 4165 753 4219 sacrificio
778 4163 884 4220 adstan-
927 4181 965 4222 cst
981 4187 1060 4238 supra
1079 4167 1145 4220 vices
1162 4166 1314 4236 niti,quu1u
1333 4163 1459 4218 viribus
