<?xml version="1.0" encoding="UTF-8"?>
<!DOCTYPE html PUBLIC "-//W3C//DTD XHTML 1.0 Transitional//EN"
    "http://www.w3.org/TR/xhtml1/DTD/xhtml1-transitional.dtd">
<html xmlns="http://www.w3.org/1999/xhtml" xml:lang="en" lang="en">
 <head>
  <title>
</title>
<meta http-equiv="Content-Type" content="text/html;charset=utf-8" />
  <meta name='ocr-system' content='tesseract 3.04.00' />
  <meta name='ocr-capabilities' content='ocr_page ocr_carea ocr_par ocr_line ocrx_word'/>
</head>
<body>
  <div class='ocr_page' id='page_1' title='image "./lannsenecparste01piergoog_0015.png"; bbox 0 0 3042 5190; ppageno 0'>
   <div class='ocr_carea' id='block_1_1' title="bbox 527 579 1353 712">
    <p class='ocr_par' dir='ltr' id='par_1_1' title="bbox 527 579 1353 712">
     <span class='ocr_line' id='line_1_1' title="bbox 527 579 1353 712; baseline 0 -4"><span class='ocrx_word' id='word_1_1' title='bbox 527 617 891 711; x_wconf 76' lang='lat' dir='ltr'>oaaulrrs</span> <span class='ocrx_word' id='word_1_2' title='bbox 932 619 1266 712; x_wconf 71' lang='lat' dir='ltr'>Patiscum.</span> <span class='ocrx_word' id='word_1_3' title='bbox 1351 579 1353 595; x_wconf 83' lang='grc'><strong>’</strong></span> 
     </span>
    </p>
   </div>
   <div class='ocr_carea' id='block_1_2' title="bbox 813 851 977 877">
    <p class='ocr_par' dir='ltr' id='par_1_2' title="bbox 813 851 977 877">
     <span class='ocr_line' id='line_1_2' title="bbox 813 851 977 877; baseline 0 -1"><span class='ocrx_word' id='word_1_4' title='bbox 813 851 977 877; x_wconf 46' lang='lat'>⁴000&gt;-</span> 
     </span>
    </p>
   </div>
   <div class='ocr_carea' id='block_1_3' title="bbox 552 975 852 1538">
    <p class='ocr_par' dir='ltr' id='par_1_3' title="bbox 552 975 852 1538">
     <span class='ocr_line' id='line_1_3' title="bbox 554 975 852 1046; baseline 0 -2"><span class='ocrx_word' id='word_1_5' title='bbox 554 975 852 1046; x_wconf 84' lang='lat' dir='ltr'><strong>HIPPOLYTUS.</strong></span> 
     </span>
     <span class='ocr_line' id='line_1_4' title="bbox 554 1097 763 1169; baseline 0.005 -2"><span class='ocrx_word' id='word_1_6' title='bbox 554 1097 763 1169; x_wconf 78' lang='lat' dir='ltr'><strong>PHAEDRA.</strong></span> 
     </span>
     <span class='ocr_line' id='line_1_5' title="bbox 552 1224 767 1294; baseline 0 -2"><span class='ocrx_word' id='word_1_7' title='bbox 552 1224 767 1294; x_wconf 86' lang='lat' dir='ltr'>THESEUS.</span> 
     </span>
     <span class='ocr_line' id='line_1_6' title="bbox 553 1347 743 1418; baseline -0.021 0"><span class='ocrx_word' id='word_1_8' title='bbox 553 1347 743 1418; x_wconf 86' lang='lat' dir='ltr'>NUTRIX.</span> 
     </span>
     <span class='ocr_line' id='line_1_7' title="bbox 552 1469 764 1538; baseline -0.005 0"><span class='ocrx_word' id='word_1_9' title='bbox 552 1469 764 1538; x_wconf 87' lang='lat' dir='ltr'><strong>NUNTIUS.</strong></span> 
     </span>
    </p>
   </div>
   <div class='ocr_carea' id='block_1_4' title="bbox 552 1593 1307 1838">
    <p class='ocr_par' dir='ltr' id='par_1_4' title="bbox 552 1593 1307 1838">
     <span class='ocr_line' id='line_1_8' title="bbox 552 1593 1307 1668; baseline 0 -4"><span class='ocrx_word' id='word_1_10' title='bbox 552 1594 737 1664; x_wconf 87' lang='lat' dir='ltr'>CHORUS</span> <span class='ocrx_word' id='word_1_11' title='bbox 756 1593 927 1664; x_wconf 86' lang='lat' dir='ltr'>CIVIUM</span> <span class='ocrx_word' id='word_1_12' title='bbox 946 1594 1307 1668; x_wconf 79' lang='lat' dir='ltr'><strong>ATHENIENSIUM.</strong></span> 
     </span>
     <span class='ocr_line' id='line_1_9' title="bbox 553 1718 1023 1838; baseline -0.002 -51"><span class='ocrx_word' id='word_1_13' title='bbox 553 1719 735 1838; x_wconf 67' lang='lat' dir='ltr'>Factum</span> <span class='ocrx_word' id='word_1_14' title='bbox 757 1718 1023 1790; x_wconf 86' lang='lat' dir='ltr'><strong>VENATORII.</strong></span> 
     </span>
    </p>
   </div>
   <div class='ocr_carea' id='block_1_5' title="bbox 756 1889 1044 1920">
    <p class='ocr_par' dir='ltr' id='par_1_5' title="bbox 756 1889 1044 1920">
     <span class='ocr_line' id='line_1_10' title="bbox 756 1889 1044 1920; baseline -0.007 0"><span class='ocrx_word' id='word_1_15' title='bbox 756 1889 1044 1920; x_wconf 48' lang='lat' dir='ltr'>-Qooe—</span> 
     </span>
    </p>
   </div>
   <div class='ocr_carea' id='block_1_6' title="bbox 692 2032 1096 2104">
    <p class='ocr_par' dir='ltr' id='par_1_6' title="bbox 692 2032 1096 2104">
     <span class='ocr_line' id='line_1_11' title="bbox 692 2032 1096 2104; baseline 0 -2"><span class='ocrx_word' id='word_1_16' title='bbox 692 2032 1096 2104; x_wconf 79' lang='lat' dir='ltr'><strong>ARGUMENTUM.</strong></span> 
     </span>
    </p>
   </div>
   <div class='ocr_carea' id='block_1_7' title="bbox 297 2205 1443 3915">
    <p class='ocr_par' dir='ltr' id='par_1_7' title="bbox 356 2205 1436 2679">
     <span class='ocr_line' id='line_1_12' title="bbox 356 2205 1435 2292; baseline -0.007 -20"><span class='ocrx_word' id='word_1_17' title='bbox 356 2205 1435 2292; x_wconf 66' lang='lat' dir='ltr'>PepcreratantiopadmnaonTheseoHippolytumqui,quum,venati0ni</span> 
     </span>
     <span class='ocr_line' id='line_1_13' title="bbox 398 2303 1435 2380; baseline 0.001 -14"><span class='ocrx_word' id='word_1_18' title='bbox 398 2307 530 2379; x_wconf 87' lang='lat' dir='ltr'>deditus,</span> <span class='ocrx_word' id='word_1_19' title='bbox 549 2305 674 2363; x_wconf 83' lang='lat' dir='ltr'>Dianam</span> <span class='ocrx_word' id='word_1_20' title='bbox 689 2303 799 2362; x_wconf 89' lang='lat' dir='ltr'>coleret</span> <span class='ocrx_word' id='word_1_21' title='bbox 810 2307 1013 2380; x_wconf 86' lang='lat' dir='ltr'>Veneremque</span> <span class='ocrx_word' id='word_1_22' title='bbox 1027 2319 1220 2378; x_wconf 81' lang='lat' dir='ltr'>aversaretur,</span> <span class='ocrx_word' id='word_1_23' title='bbox 1239 2307 1368 2367; x_wconf 82' lang='lat' dir='ltr'>caetibem</span> <span class='ocrx_word' id='word_1_24' title='bbox 1381 2311 1435 2368; x_wconf 87' lang='lat' dir='ltr'>vi-</span> 
     </span>
     <span class='ocr_line' id='line_1_14' title="bbox 397 2397 1436 2476; baseline -0.001 -13"><span class='ocrx_word' id='word_1_25' title='bbox 397 2417 455 2462; x_wconf 86' lang='lat' dir='ltr'>tam</span> <span class='ocrx_word' id='word_1_26' title='bbox 469 2403 577 2461; x_wconf 86' lang='lat' dir='ltr'>ducere</span> <span class='ocrx_word' id='word_1_27' title='bbox 590 2399 770 2457; x_wconf 82' lang='lat' dir='ltr'>decreverat.</span> <span class='ocrx_word' id='word_1_28' title='bbox 791 2402 884 2474; x_wconf 88' lang='lat' dir='ltr'>Capta</span> <span class='ocrx_word' id='word_1_29' title='bbox 903 2397 981 2456; x_wconf 89' lang='lat' dir='ltr'>illius</span> <span class='ocrx_word' id='word_1_30' title='bbox 1001 2399 1221 2476; x_wconf 85' lang='lat' dir='ltr'>pulchritudine</span> <span class='ocrx_word' id='word_1_31' title='bbox 1239 2403 1361 2462; x_wconf 72' lang='lat' dir='ltr'>Phaedra</span> <span class='ocrx_word' id='word_1_32' title='bbox 1380 2426 1436 2463; x_wconf 93' lang='lat' dir='ltr'>no-</span> 
     </span>
     <span class='ocr_line' id='line_1_15' title="bbox 398 2492 1436 2580; baseline 0.003 -22"><span class='ocrx_word' id='word_1_33' title='bbox 398 2521 500 2570; x_wconf 84' lang='lat' dir='ltr'>verca,</span> <span class='ocrx_word' id='word_1_34' title='bbox 512 2517 611 2556; x_wconf 88' lang='lat' dir='ltr'>amore</span> <span class='ocrx_word' id='word_1_35' title='bbox 620 2514 744 2565; x_wconf 83' lang='lat' dir='ltr'>resana,</span> <span class='ocrx_word' id='word_1_36' title='bbox 758 2493 828 2552; x_wconf 88' lang='lat' dir='ltr'>dum</span> <span class='ocrx_word' id='word_1_37' title='bbox 842 2492 925 2552; x_wconf 90' lang='lat' dir='ltr'>abest</span> <span class='ocrx_word' id='word_1_38' title='bbox 939 2495 1017 2573; x_wconf 90' lang='lat' dir='ltr'>apud</span> <span class='ocrx_word' id='word_1_39' title='bbox 1029 2497 1143 2556; x_wconf 83' lang='lat' dir='ltr'>Insercs</span> <span class='ocrx_word' id='word_1_40' title='bbox 1154 2499 1301 2572; x_wconf 83' lang='lat' dir='ltr'>Theseus,</span> <span class='ocrx_word' id='word_1_41' title='bbox 1313 2503 1436 2580; x_wconf 84' lang='lat' dir='ltr'>juvenis</span> 
     </span>
     <span class='ocr_line' id='line_1_16' title="bbox 398 2590 1436 2679; baseline -0.003 -22"><span class='ocrx_word' id='word_1_42' title='bbox 398 2598 559 2657; x_wconf 83' lang='lat' dir='ltr'>castitatem</span> <span class='ocrx_word' id='word_1_43' title='bbox 567 2591 717 2652; x_wconf 87' lang='lat' dir='ltr'>blanditiis</span> <span class='ocrx_word' id='word_1_44' title='bbox 733 2603 763 2648; x_wconf 88' lang='lat' dir='ltr'>et</span> <span class='ocrx_word' id='word_1_45' title='bbox 775 2590 912 2669; x_wconf 80' lang='lat' dir='ltr'>precibus</span> <span class='ocrx_word' id='word_1_46' title='bbox 925 2612 1094 2670; x_wconf 86' lang='lat' dir='ltr'>expugnare</span> <span class='ocrx_word' id='word_1_47' title='bbox 1105 2610 1238 2657; x_wconf 86' lang='lat' dir='ltr'>conatur.</span> <span class='ocrx_word' id='word_1_48' title='bbox 1251 2600 1436 2679; x_wconf 83' lang='lat' dir='ltr'>impudicam</span> 
     </span>
    </p>

    <p class='ocr_par' dir='ltr' id='par_1_8' title="bbox 297 2689 1443 3838">
     <span class='ocr_line' id='line_1_17' title="bbox 297 2689 1437 2772; baseline -0.004 -16"><span class='ocrx_word' id='word_1_49' title='bbox 297 2715 299 2718; x_wconf 82' lang='lat'>·</span> <span class='ocrx_word' id='word_1_50' title='bbox 399 2714 470 2754; x_wconf 84' lang='lat' dir='ltr'>ase</span> <span class='ocrx_word' id='word_1_51' title='bbox 492 2691 627 2750; x_wconf 83' lang='lat' dir='ltr'>seminam</span> <span class='ocrx_word' id='word_1_52' title='bbox 651 2689 829 2767; x_wconf 85' lang='lat' dir='ltr'>Hippolytus</span> <span class='ocrx_word' id='word_1_53' title='bbox 854 2690 979 2768; x_wconf 89' lang='lat' dir='ltr'>repellit.</span> <span class='ocrx_word' id='word_1_54' title='bbox 1002 2690 1094 2768; x_wconf 83' lang='lat' dir='ltr'>Igitur</span> <span class='ocrx_word' id='word_1_55' title='bbox 1116 2693 1314 2772; x_wconf 87' lang='lat' dir='ltr'>deprehensa,</span> <span class='ocrx_word' id='word_1_56' title='bbox 1337 2712 1437 2758; x_wconf 80' lang='lat' dir='ltr'>mutat</span> 
     </span>
     <span class='ocr_line' id='line_1_18' title="bbox 399 2787 1437 2874; baseline 0.001 -22"><span class='ocrx_word' id='word_1_57' title='bbox 399 2811 528 2853; x_wconf 86' lang='lat' dir='ltr'>amorem</span> <span class='ocrx_word' id='word_1_58' title='bbox 551 2790 581 2848; x_wconf 89' lang='lat' dir='ltr'>in</span> <span class='ocrx_word' id='word_1_59' title='bbox 605 2787 724 2859; x_wconf 89' lang='lat' dir='ltr'>odium;</span> <span class='ocrx_word' id='word_1_60' title='bbox 746 2797 791 2859; x_wconf 91' lang='lat' dir='ltr'>et,</span> <span class='ocrx_word' id='word_1_61' title='bbox 813 2793 930 2845; x_wconf 84' lang='lat' dir='ltr'>reverso</span> <span class='ocrx_word' id='word_1_62' title='bbox 944 2788 1076 2863; x_wconf 90' lang='lat' dir='ltr'>Theseo,</span> <span class='ocrx_word' id='word_1_63' title='bbox 1094 2790 1241 2852; x_wconf 84' lang='lat' dir='ltr'>insimulat</span> <span class='ocrx_word' id='word_1_64' title='bbox 1265 2796 1437 2874; x_wconf 87' lang='lat' dir='ltr'>privignum</span> 
     </span>
     <span class='ocr_line' id='line_1_19' title="bbox 398 2884 1436 2968; baseline 0.004 -19"><span class='ocrx_word' id='word_1_65' title='bbox 398 2888 490 2949; x_wconf 90' lang='lat' dir='ltr'>oblati</span> <span class='ocrx_word' id='word_1_66' title='bbox 501 2907 554 2967; x_wconf 90' lang='lat' dir='ltr'>per</span> <span class='ocrx_word' id='word_1_67' title='bbox 567 2886 626 2946; x_wconf 83' lang='lat' dir='ltr'>vim</span> <span class='ocrx_word' id='word_1_68' title='bbox 640 2884 744 2963; x_wconf 83' lang='lat' dir='ltr'>stupri.</span> <span class='ocrx_word' id='word_1_69' title='bbox 763 2889 889 2963; x_wconf 84' lang='lat' dir='ltr'>Fugerat</span> <span class='ocrx_word' id='word_1_70' title='bbox 904 2885 1084 2964; x_wconf 82' lang='lat' dir='ltr'>Hippolytus</span> <span class='ocrx_word' id='word_1_71' title='bbox 1098 2888 1278 2968; x_wconf 86' lang='lat' dir='ltr'>impudicam</span> <span class='ocrx_word' id='word_1_72' title='bbox 1292 2893 1414 2952; x_wconf 87' lang='lat' dir='ltr'>domum</span> <span class='ocrx_word' id='word_1_73' title='bbox 1428 2919 1436 2953; x_wconf 95' lang='lat'><strong>:</strong></span> 
     </span>
     <span class='ocr_line' id='line_1_20' title="bbox 399 2979 1439 3068; baseline 0.003 -23"><span class='ocrx_word' id='word_1_74' title='bbox 399 2985 466 3060; x_wconf 87' lang='lat' dir='ltr'>sed,</span> <span class='ocrx_word' id='word_1_75' title='bbox 482 2985 552 3043; x_wconf 89' lang='lat' dir='ltr'>dum</span> <span class='ocrx_word' id='word_1_76' title='bbox 567 2983 625 3042; x_wconf 84' lang='lat' dir='ltr'>alio</span> <span class='ocrx_word' id='word_1_77' title='bbox 639 2993 795 3060; x_wconf 86' lang='lat' dir='ltr'>properat,</span> <span class='ocrx_word' id='word_1_78' title='bbox 810 2999 878 3039; x_wconf 82' lang='lat' dir='ltr'>ecce</span> <span class='ocrx_word' id='word_1_79' title='bbox 892 2979 934 3038; x_wconf 92' lang='lat' dir='ltr'>ibi</span> <span class='ocrx_word' id='word_1_80' title='bbox 950 2993 1051 3042; x_wconf 90' lang='lat' dir='ltr'>taurus</span> <span class='ocrx_word' id='word_1_81' title='bbox 1069 2986 1197 3044; x_wconf 86' lang='lat' dir='ltr'>marinus</span> <span class='ocrx_word' id='word_1_82' title='bbox 1211 2991 1378 3068; x_wconf 85' lang='lat' dir='ltr'>aNeptuno</span> <span class='ocrx_word' id='word_1_83' title='bbox 1393 2992 1439 3050; x_wconf 87' lang='lat' dir='ltr'>ad</span> 
     </span>
     <span class='ocr_line' id='line_1_21' title="bbox 398 3076 1439 3161; baseline 0.005 -18"><span class='ocrx_word' id='word_1_84' title='bbox 398 3079 587 3143; x_wconf 86' lang='lat' dir='ltr'>dirasThesei</span> <span class='ocrx_word' id='word_1_85' title='bbox 598 3078 822 3156; x_wconf 86' lang='lat' dir='ltr'>imprecationes</span> <span class='ocrx_word' id='word_1_86' title='bbox 833 3076 993 3150; x_wconf 80' lang='lat' dir='ltr'>immissus3</span> <span class='ocrx_word' id='word_1_87' title='bbox 1005 3079 1065 3158; x_wconf 89' lang='lat' dir='ltr'>qui,</span> <span class='ocrx_word' id='word_1_88' title='bbox 1073 3101 1103 3139; x_wconf 90' lang='lat' dir='ltr'>se</span> <span class='ocrx_word' id='word_1_89' title='bbox 1111 3096 1178 3141; x_wconf 86' lang='lat' dir='ltr'>ante</span> <span class='ocrx_word' id='word_1_90' title='bbox 1187 3104 1305 3144; x_wconf 89' lang='lat' dir='ltr'>currum</span> <span class='ocrx_word' id='word_1_91' title='bbox 1316 3085 1439 3161; x_wconf 84' lang='lat' dir='ltr'>sistens,</span> 
     </span>
     <span class='ocr_line' id='line_1_22' title="bbox 398 3173 1438 3263; baseline 0.001 -24"><span class='ocrx_word' id='word_1_92' title='bbox 398 3176 603 3259; x_wconf 84' lang='lat' dir='ltr'>quadrupedes</span> <span class='ocrx_word' id='word_1_93' title='bbox 622 3173 826 3232; x_wconf 84' lang='lat' dir='ltr'>consternavit.</span> <span class='ocrx_word' id='word_1_94' title='bbox 841 3173 896 3242; x_wconf 89' lang='lat' dir='ltr'>Hi,</span> <span class='ocrx_word' id='word_1_95' title='bbox 912 3188 1080 3254; x_wconf 86' lang='lat' dir='ltr'>contempto</span> <span class='ocrx_word' id='word_1_96' title='bbox 1098 3178 1239 3256; x_wconf 88' lang='lat' dir='ltr'>imperio,</span> <span class='ocrx_word' id='word_1_97' title='bbox 1257 3183 1438 3263; x_wconf 81' lang='lat' dir='ltr'>quadrigam</span> 
     </span>
     <span class='ocr_line' id='line_1_23' title="bbox 398 3273 1442 3358; baseline 0.011 -25"><span class='ocrx_word' id='word_1_98' title='bbox 398 3277 571 3349; x_wconf 88' lang='lat' dir='ltr'>deturbant,</span> <span class='ocrx_word' id='word_1_99' title='bbox 592 3273 781 3351; x_wconf 88' lang='lat' dir='ltr'>cadentisque</span> <span class='ocrx_word' id='word_1_100' title='bbox 800 3292 908 3352; x_wconf 88' lang='lat' dir='ltr'>corpus</span> <span class='ocrx_word' id='word_1_101' title='bbox 924 3293 979 3352; x_wconf 90' lang='lat' dir='ltr'>per</span> <span class='ocrx_word' id='word_1_102' title='bbox 998 3295 1068 3335; x_wconf 82' lang='lat' dir='ltr'>saxa</span> <span class='ocrx_word' id='word_1_103' title='bbox 1091 3291 1120 3337; x_wconf 87' lang='lat' dir='ltr'>et</span> <span class='ocrx_word' id='word_1_104' title='bbox 1140 3299 1244 3358; x_wconf 89' lang='lat' dir='ltr'>vepres</span> <span class='ocrx_word' id='word_1_105' title='bbox 1265 3283 1442 3346; x_wconf 86' lang='lat' dir='ltr'>distrahunt</span> 
     </span>
     <span class='ocr_line' id='line_1_24' title="bbox 398 3361 1440 3456; baseline 0.007 -20"><span class='ocrx_word' id='word_1_106' title='bbox 398 3390 486 3456; x_wconf 87' lang='lat' dir='ltr'>atque</span> <span class='ocrx_word' id='word_1_107' title='bbox 504 3373 656 3433; x_wconf 85' lang='lat' dir='ltr'>dilaniant.</span> <span class='ocrx_word' id='word_1_108' title='bbox 672 3375 827 3450; x_wconf 88' lang='lat' dir='ltr'>Comperta</span> <span class='ocrx_word' id='word_1_109' title='bbox 846 3390 932 3443; x_wconf 84' lang='lat' dir='ltr'>noce,</span> <span class='ocrx_word' id='word_1_110' title='bbox 950 3372 1073 3432; x_wconf 73' lang='lat' dir='ltr'>Phaedra</span> <span class='ocrx_word' id='word_1_111' title='bbox 1094 3376 1137 3433; x_wconf 87' lang='lat' dir='ltr'>rei</span> <span class='ocrx_word' id='word_1_112' title='bbox 1155 3361 1307 3439; x_wconf 85' lang='lat' dir='ltr'>veritatem</span> <span class='ocrx_word' id='word_1_113' title='bbox 1323 3385 1440 3444; x_wconf 87' lang='lat' dir='ltr'>marito</span> 
     </span>
     <span class='ocr_line' id='line_1_25' title="bbox 397 3467 1443 3558; baseline -0.005 -23"><span class='ocrx_word' id='word_1_114' title='bbox 397 3473 505 3554; x_wconf 87' lang='lat' dir='ltr'>aperit,</span> <span class='ocrx_word' id='word_1_115' title='bbox 514 3491 603 3548; x_wconf 85' lang='lat' dir='ltr'>seque</span> <span class='ocrx_word' id='word_1_116' title='bbox 615 3488 704 3547; x_wconf 88' lang='lat' dir='ltr'>super</span> <span class='ocrx_word' id='word_1_117' title='bbox 714 3467 837 3526; x_wconf 87' lang='lat' dir='ltr'>laniatos</span> <span class='ocrx_word' id='word_1_118' title='bbox 848 3481 929 3528; x_wconf 88' lang='lat' dir='ltr'>artus</span> <span class='ocrx_word' id='word_1_119' title='bbox 941 3469 1038 3547; x_wconf 85' lang='lat' dir='ltr'>gladio</span> <span class='ocrx_word' id='word_1_120' title='bbox 1051 3474 1201 3552; x_wconf 87' lang='lat' dir='ltr'>transfigit.</span> <span class='ocrx_word' id='word_1_121' title='bbox 1208 3477 1336 3537; x_wconf 84' lang='lat' dir='ltr'>Theseus</span> <span class='ocrx_word' id='word_1_122' title='bbox 1348 3481 1443 3558; x_wconf 73' lang='lat' dir='ltr'>plan.</span> 
     </span>
     <span class='ocr_line' id='line_1_26' title="bbox 397 3565 1442 3656; baseline 0.004 -27"><span class='ocrx_word' id='word_1_123' title='bbox 397 3572 438 3652; x_wconf 83' lang='lat' dir='ltr'>git</span> <span class='ocrx_word' id='word_1_124' title='bbox 459 3567 569 3628; x_wconf 89' lang='lat' dir='ltr'>innoxii</span> <span class='ocrx_word' id='word_1_125' title='bbox 591 3565 643 3625; x_wconf 87' lang='lat' dir='ltr'>lilii</span> <span class='ocrx_word' id='word_1_126' title='bbox 665 3583 779 3639; x_wconf 89' lang='lat' dir='ltr'>casum,</span> <span class='ocrx_word' id='word_1_127' title='bbox 803 3583 944 3643; x_wconf 85' lang='lat' dir='ltr'>suamque</span> <span class='ocrx_word' id='word_1_128' title='bbox 968 3568 1149 3647; x_wconf 83' lang='lat' dir='ltr'>praecipitem</span> <span class='ocrx_word' id='word_1_129' title='bbox 1175 3571 1249 3632; x_wconf 88' lang='lat' dir='ltr'>iram</span> <span class='ocrx_word' id='word_1_130' title='bbox 1271 3575 1442 3656; x_wconf 77' lang='lat' dir='ltr'>dirumque</span> 
     </span>
     <span class='ocr_line' id='line_1_27' title="bbox 397 3661 1442 3753; baseline 0.002 -26"><span class='ocrx_word' id='word_1_131' title='bbox 397 3681 497 3727; x_wconf 86' lang='lat' dir='ltr'>votum</span> <span class='ocrx_word' id='word_1_132' title='bbox 508 3664 677 3723; x_wconf 88' lang='lat' dir='ltr'>detestatur.</span> <span class='ocrx_word' id='word_1_133' title='bbox 689 3661 827 3722; x_wconf 85' lang='lat' dir='ltr'>Laniatos</span> <span class='ocrx_word' id='word_1_134' title='bbox 838 3674 917 3720; x_wconf 83' lang='lat' dir='ltr'>artus</span> <span class='ocrx_word' id='word_1_135' title='bbox 930 3662 1056 3740; x_wconf 87' lang='lat' dir='ltr'>colligit,</span> <span class='ocrx_word' id='word_1_136' title='bbox 1070 3677 1113 3738; x_wconf 92' lang='lat' dir='ltr'>et,</span> <span class='ocrx_word' id='word_1_137' title='bbox 1125 3687 1186 3745; x_wconf 90' lang='lat' dir='ltr'>quo</span> <span class='ocrx_word' id='word_1_138' title='bbox 1201 3671 1314 3732; x_wconf 86' lang='lat' dir='ltr'>meliori</span> <span class='ocrx_word' id='word_1_139' title='bbox 1330 3688 1442 3753; x_wconf 81' lang='lat' dir='ltr'>potest</span> 
     </span>
     <span class='ocr_line' id='line_1_28' title="bbox 396 3759 678 3838; baseline -0.021 -14"><span class='ocrx_word' id='word_1_140' title='bbox 396 3762 501 3833; x_wconf 87' lang='lat' dir='ltr'>ruodo,</span> <span class='ocrx_word' id='word_1_141' title='bbox 518 3759 678 3838; x_wconf 87' lang='lat' dir='ltr'>componit.</span> 
     </span>
    </p>

    <p class='ocr_par' dir='ltr' id='par_1_9' title="bbox 764 3857 1016 3915">
     <span class='ocr_line' id='line_1_29' title="bbox 764 3857 1016 3915; baseline -0.004 0"><span class='ocrx_word' id='word_1_142' title='bbox 764 3865 854 3915; x_wconf 62' lang='lat' dir='ltr'>,terna</span> <span class='ocrx_word' id='word_1_143' title='bbox 865 3858 987 3914; x_wconf 79' lang='lat' dir='ltr'>Athonis</span> <span class='ocrx_word' id='word_1_144' title='bbox 994 3857 1016 3914; x_wconf 80' lang='lat'>*.</span> 
     </span>
    </p>
   </div>
   <div class='ocr_carea' id='block_1_8' title="bbox 388 3971 1147 4038">
    <p class='ocr_par' dir='ltr' id='par_1_10' title="bbox 388 3971 1147 4038">
     <span class='ocr_line' id='line_1_30' title="bbox 388 3971 1147 4038; baseline 0.001 -14"><span class='ocrx_word' id='word_1_145' title='bbox 388 3977 399 4000; x_wconf 84' lang='lat'>&#39;</span> <span class='ocrx_word' id='word_1_146' title='bbox 414 3977 461 4024; x_wconf 75' lang='lat' dir='ltr'>Sed</span> <span class='ocrx_word' id='word_1_147' title='bbox 474 3973 542 4038; x_wconf 83' lang='lat' dir='ltr'>apud</span> <span class='ocrx_word' id='word_1_148' title='bbox 557 3971 701 4035; x_wconf 80' lang='lat' dir='ltr'>Euripidem</span> <span class='ocrx_word' id='word_1_149' title='bbox 715 3982 739 4020; x_wconf 82' lang='lat' dir='ltr'>et</span> <span class='ocrx_word' id='word_1_150' title='bbox 754 3981 884 4019; x_wconf 80' lang='lat' dir='ltr'>nostratem</span> <span class='ocrx_word' id='word_1_151' title='bbox 897 3971 1005 4029; x_wconf 69' lang='lat' dir='ltr'>Hacine,</span> <span class='ocrx_word' id='word_1_152' title='bbox 1022 3975 1147 4026; x_wconf 84' lang='lat' dir='ltr'>Troeaeuc.</span> 
     </span>
    </p>
   </div>
   <div class='ocr_carea' id='block_1_9' title="bbox 640 4135 1140 4170">
    <p class='ocr_par' dir='ltr' id='par_1_11' title="bbox 640 4135 1140 4170">
     <span class='ocr_line' id='line_1_31' title="bbox 640 4135 1140 4170; baseline 0.012 -13"><span class='ocrx_word' id='word_1_153' title='bbox 640 4151 654 4157; x_wconf 91' lang='lat'><em>-</em></span> <span class='ocrx_word' id='word_1_154' title='bbox 701 4135 1058 4170; x_wconf 60' lang='lat'>-..-300-—...</span> <span class='ocrx_word' id='word_1_155' title='bbox 1087 4156 1140 4164; x_wconf 86' lang='lat'>...-</span> 
     </span>
    </p>
   </div>
   <div class='ocr_carea' id='block_1_10' title="bbox 0 0 1526 5190">
    <p class='ocr_par' dir='ltr' id='par_1_12' title="bbox 0 0 1526 5190">
     <span class='ocr_line' id='line_1_32' title="bbox 0 0 1526 5190; baseline 0 0"><span class='ocrx_word' id='word_1_156' title='bbox 0 0 1526 5190; x_wconf 95' lang='lat' dir='ltr'> </span> 
     </span>
    </p>
   </div>
  </div>
 </body>
</html>
