3042 5190
273 467 274 474 κ
337 417 381 506 54
414 487 419 498 ,
635 420 673 486 L.
700 415 873 484 ANNAEl
898 413 1107 482 SENECAE

381 545 423 611 Et
442 540 542 636 longa
560 562 661 607 curva
684 535 737 606 lila
760 533 894 628 collegit
916 536 978 602 via.

381 654 467 743 Quis
482 666 554 719 turn
571 648 624 717 ille
639 647 752 716 fulsit!
772 659 959 741 presserant
976 645 1066 712 viuae
1079 669 1208 713 comam
1216 693 1226 726 ,

382 765 425 830 Et
442 785 501 829 ora
518 759 624 829 flavus
643 772 755 827 tenera
778 755 924 850 tingebat
945 753 1059 822 rubor.

382 875 519 940 Inerant
537 868 666 936 lacertis
685 863 841 934 mollibus
859 864 962 934 fortes
980 865 1067 932 tori:

384 982 506 1047 Tuaeve
526 977 667 1047 Pboebes
691 976 817 1062 vultus,
833 990 892 1044 aut
909 975 1026 1045 Phoebi
1049 975 1132 1060 mei,

380 1093 513 1159 Tuusve
534 1090 646 1182 potius
663 1116 671 1158 :
690 1086 783 1171 talis,
799 1110 862 1172 en,
880 1084 954 1154 talis
976 1084 1055 1171 fuit,

385 1201 501 1288 Quum
520 1197 645 1292 placuit
661 1197 747 1265 hosti
764 1221 772 1263 ε
788 1197 835 1264 sic
855 1193 933 1262 tulit
952 1192 1076 1262 celsum
1094 1208 1205 1287 caput.

387 1313 427 1378 ln
450 1322 483 1377 te
500 1309 606 1403 magis
628 1305 772 1402 refulget
793 1307 982 1398 incomptus
1003 1303 1113 1386 decor,

387 1423 447 1487 Est
463 1420 595 1514 genitor
617 1419 651 1486 in
672 1433 703 1486 te
726 1430 815 1485 totus
831 1441 839 1484 τ
857 1429 889 1483 et
906 1430 1008 1483 torvae
1026 1428 1134 1483 tamen

386 1533 465 1599 Pars
483 1527 593 1622 aliqua
612 1529 728 1596 matris
748 1528 862 1595 miscet
881 1549 921 1593 ex
942 1549 1037 1618 aequo
1056 1523 1167 1592 decus.

387 1643 425 1706 ln
445 1663 503 1706 ore
522 1639 628 1708 Graio
648 1637 820 1731 Scythicus
838 1649 977 1730 apparet
994 1635 1096 1728 rigor.

387 1748 422 1816 Si
444 1771 518 1814 curn
541 1761 677 1840 parente
696 1748 867 1820 Creticum
889 1747 1044 1812 intrasses
1065 1743 1203 1829 fretum,

386 1857 462 1924 Tibi
481 1855 536 1925 fila
559 1857 670 1950 potius
691 1871 804 1924 nostra
821 1856 960 1924 nevisset
978 1878 1082 1922 soror.

386 1969 451 2052 Te,
470 1981 517 2052 te,
536 1988 648 2052 soror,
664 1989 877 2059 quacumque
895 1962 1012 2031 siderei
1032 1961 1100 2058 poli

360 2141 366 2152 ,
388 2079 427 2152 In
448 2089 542 2169 parte
558 2073 684 2168 fulges,
706 2076 824 2143 invoco
842 2072 884 2142 ad
902 2097 1033 2142 causam
1051 2096 1173 2166 parent.

388 2185 518 2252 Domus
540 2206 669 2254 sorores
688 2207 753 2251 una
770 2184 933 2276 corripuit
951 2181 1049 2268 duas3
1366 2201 1408 2242 aas

381 2378 445 2433 650.
462 2381 575 2450 Collegit.
589 2379 671 2432 Manu
686 2377 852 2434 retinnia-
897 2380 1036 2444 Cretensi,
1064 2380 1269 2435 Atheniensibus
1292 2383 1408 2436 infensa.

342 2457 489 2530 langofilo.
499 2460 543 2511 Ab
553 2457 666 2511 Ariadne
675 2456 852 2512 data-Car·
896 2457 963 2510 vult
975 2459 1165 2524 Commelinua,
1173 2472 1233 2532 poet
1240 2461 1410 2515 Parrhasium

344 2561 372 2594 oa
383 2541 442 2604 oia,
453 2557 500 2609 per
511 2538 645 2590 anfractus
659 2534 817 2610 labyrinthi.
897 2536 1055 2608 quemdam,
1074 2535 1107 2592 de
1122 2537 1213 2593 Minoe
1233 2541 1321 2612 potius
1335 2539 1411 2596 dicta

382 2615 644 2687 65a.Flovnspador.
661 2616 851 2687 Accipiendnm
895 2617 972 2682 haec,
995 2637 1073 2688 quem
1098 2618 1249 2672 inimicitias
1281 2619 1411 2676 adversus

342 2716 390 2768 per
407 2696 578 2770 hypallagen,
600 2716 667 2768 pro,
681 2697 742 2749 flavi
756 2679 852 2750 Thesei
896 2695 1412 2768 Atheniensesdeposuisse'l'heseiamo·

343 2774 441 2848 pudor.
897 2781 926 2833 re
943 2775 1097 2841 inductum,
1113 2778 1184 2830 testis
1201 2791 1240 2832 est
1253 2778 1410 2834 Athenaeus.

383 2856 450 2908 653.
467 2855 584 2910 Mollibus
598 2859 691 2924 fhrtas,
712 2870 761 2908 eto.
779 2855 852 2912 Nihil
898 2853 964 2916 sed,
975 2856 1025 2909 nisi
1037 2855 1162 2922 fallimur,
1174 2859 1315 2911 Ariadnam
1329 2858 1413 2912 intel·

340 2933 407 2988 adeo
417 2935 851 3008 placerepoteat‚qnarnririlero-
896 2933 1031 3004 ligendam
1051 2954 1120 3002 esse,
1138 2937 1180 2989 vel
1199 2956 1288 2992 versus
1310 2941 1365 2992 662
1383 2952 1412 2991 et

340 3015 392 3066 bur
416 3028 512 3067 tenerae
534 3013 622 3067 adhuc
641 3015 775 3086 juventuti
791 3033 852 3066 con·
895 3032 950 3084 seq.
967 3028 1028 3067 strat
1042 3013 1153 3084 indices,

336 3095 474 3164 junctum.
936 3094 1003 3162 657.
1014 3095 1158 3164 Iacoorptus,
1170 3095 1292 3164 Nativus,
1303 3116 1358 3150 non
1369 3097 1411 3150 lu·

381 3173 447 3235 654.
466 3173 534 3225 Tuo.
547 3171 634 3238 Quam
649 3185 679 3224 tu
692 3171 772 3234 colis,
787 3171 851 3242 llip·
895 3183 976 3226 catus.

344 3251 442 3320 polyte.
453 3251 563 3315 -Met‘,
576 3253 618 3304 avi
632 3250 697 3316 mei,
718 3251 764 3320 qni
784 3269 852 3302 sern-
937 3251 1004 3306 658.
1017 3253 1072 3305 Est.
1083 3251 1154 3306 Vide
1165 3253 1347 3309 Animadvera.

342 3349 390 3400 per
398 3330 517 3400 juvenis,
527 3329 648 3402 pulcher,
662 3329 851 3382 intonsus.1nf.
939 3331 1005 3400 659.
1018 3335 1102 3385 Torooe
1112 3336 1203 3396 matris,
1215 3336 1364 3390 Amazonis.

336 3427 378 3462 ivs.
397 3411 461 3462 801.
476 3409 599 3467 Fannia.
609 3442 649 3453 --
663 3408 758 3461 Vultus.
768 3409 853 3482 Supp.
940 3415 1007 3464 661.
1020 3412 1137 3476 Parente,
1153 3425 1208 3466 tuo.

345 3515 355 3534 ·
369 3501 429 3540 erat
441 3488 546 3542 Thesei.
562 3515 572 3534 ι
939 3493 1005 3544 662.
1021 3492 1123 3556 Portas,
1139 3511 1218 3563 quam
1232 3493 1301 3564 patri
1317 3505 1371 3546 auo.

383 3567 450 3620 655.
469 3569 561 3620 Tuusve
576 3571 674 3638 potius,
691 3581 739 3620 etc.
755 3568 852 3622 Totum
938 3570 1004 3622 663.
1020 3572 1174 3643 Quacumque
1182 3571 1269 3623 siderei
1275 3575 1328 3642 poli
1334 3613 1342 3637 ,
1359 3587 1412 3627 etc.

343 3645 394 3715 hoc
407 3647 531 3699 Racinius
539 3647 642 3711 retulit,
655 3645 760 3699 Phaedr.
771 3659 820 3699 act.
831 3649 854 3710 I,
897 3647 1013 3700 Ariadne
1026 3670 1040 3702 a
1055 3649 1158 3708 Raccho
1172 3650 1200 3704 in
1218 3653 1313 3706 celum
1324 3651 1415 3708 luerat

336 3744 372 3778 ac.
400 3745 452 3779 ru:
470 3752 481 3772 ι
491 3725 558 3790 Oui,
572 3727 679 3797 prinee,
691 3728 717 3796 je
737 3725 851 3796 languis,
899 3727 989 3780 relata.

337 3807 363 3876 J'e
390 3805 466 3858 brt‘tle
484 3823 552 3874 pour
572 3805 687 3870 Theseo,
702 3817 775 3857 ete·
798 3805 853 3857 Ubi
938 3809 1003 3870 654.
1030 3809 1116 3859 Invoco
1140 3809 1174 3860 od
1196 3831 1292 3862 oausam
1312 3831 1413 3881 parem.

345 3881 406 3938 vide
419 3902 523 3938 scenam
536 3885 673 3954 integram.
687 3950 688 3954 Ἰ
897 3883 1016 3939 Obsecro
1033 3887 1099 3941 mibi
1114 3887 1200 3942 sareas
1214 3889 1308 3943 eodem
1324 3891 1414 3958 malo,

388 3963 451 4018 656.
468 3965 548 4033 Quaem
558 3965 650 4032 placuit
664 3964 733 4014 tosti.
747 3963 852 4017 Scilicet
897 3983 951 4034 quo
966 3979 993 4017 tu
1008 3966 1088 4031 olim,
1102 3967 1241 4021 laboranti.

337 4042 483 4109 Ariadne,
507 4043 568 4096 fitia
592 4043 704 4103 Minois,
728 4061 760 4095 ex
774 4053 851 4113 gente
936 4043 1002 4098 665.
1021 4047 1111 4098 Domm
1131 4067 1238 4114 sorores,
1257 4061 1305 4101 etc.
1325 4049 1412 4105 Ovid.
