3058 5164
68 775 73 807 l

449 559 488 626 M
498 557 639 624 ED‘EA.
665 557 771 624 ACT.
798 556 824 622 1.
1105 551 1169 626 361

253 686 353 754 Nunc
369 679 514 774 primum
536 677 673 764 soceris,
692 699 834 772 sponse,
854 674 1053 749 volentibus.

252 795 437 876 Concess0‚
455 789 611 883 juvenes,
632 786 738 856 ludite
753 787 878 881 jurgio.

251 903 339 972 Hinc
358 899 470 986 illinc,
485 900 641 996 juvenes,
660 899 782 966 mittite
800 898 966 968 carmina:

254 1015 342 1080 Rara
361 1010 462 1080 estin
483 1009 636 1080 dominos
653 1010 742 1103 justa
761 1007 905 1077 licentia.

195 1119 356 1190 'Candida
378 1119 555 1214 thyrsigeri
571 1116 680 1213 proles
698 1142 858 1215 generosa
872 1118 980 1214 Lyaei,

155 1229 358 1301 Multifidatn
375 1231 444 1324 jam
465 1245 596 1323 tempus
618 1244 690 1298 erat
706 1229 905 1298 succendere
926 1229 1054 1323 pinum.

157 1347 284 1412 Excute
299 1339 482 1410 solemnem
501 1339 614 1436 digitis
633 1340 858 1408 marcentibus
877 1340 1001 1434 iguem.

155 1458 252 1525 Festa
271 1454 367 1524 dicax
387 1455 506 1524 fundat
524 1455 673 1524 convicia
696 1454 932 1523 Fescenninus.

157 1565 272 1636 Salvat
290 1565 388 1636 turba
404 1567 508 1660 jocos.
527 1567 650 1635 Tacitis
669 1580 723 1635 eat
742 1563 797 1634 illa
817 1565 976 1669 tenebris,

156 1679 190 1746 si
212 1701 279 1772 qua
301 1678 478 1772 peregrino
500 1677 598 1747 nubit
617 1675 757 1772 fugitiva
779 1675 910 1745 marito.
1139 1701 1174 1740 ns

109 1859 154 1910 eia
166 1856 618 1930 populi),Deucalionisuepoti,ex
706 1859 858 1913 uertunt
908 1859 986 1911 m.1u
999 1857 1177 1932 modumapi·

108 1937 233 2004 Euarete,
244 1937 380 1990 Deimacbi
397 1938 467 2000 filia,
484 1951 564 1992 natus
577 1939 619 1992 Si·
662 1955 753 1991 camut
767 1939 892 2004 incisam,
911 1957 965 2011 quo
979 1939 1082 1992 facilius
1098 1939 1175 1996 flam·

108 2018 221 2089 typhus,
235 2017 442 2090 Ephyrea,quaa
459 2031 550 2088 postea
564 2019 618 2074 Co-
662 2037 732 2072 tuam
755 2019 897 2090 concipiat.
919 2048 959 2060 —
981 2019 1083 2090 Tempus
1105 2033 1172 2085 eret,

107 2097 227 2162 riutbus,
250 2096 376 2150 conditor
402 2109 429 2150 et
455 2116 520 2166 rex,
541 2112 618 2170 pater
661 2117 730 2169 pro,
745 2111 789 2150 est.
806 2095 897 2150 Horat.
913 2095 965 2150 Od.
982 2099 1010 2164 1,
1026 2097 1074 2170 37,
1089 2104 1116 2162 4.
1133 2132 1174 2144 -

108 2176 242 2241 Creontis,
251 2180 326 2247 cujus
337 2177 392 2230 lilia
404 2177 503 2231 Creusa
514 2178 617 2232 Jasouis
662 2179 765 2242 Pinum,
778 2179 860 2230 lacem
876 2195 891 2228 e
904 2179 982 2248 pinu.
992 2176 1058 2247 Sup.
1069 2197 1106 2231 ra.
1120 2178 1174 2245 38,

107 2274 212 2326 sponsa.
237 2256 304 2309 Inde
321 2257 401 2328 igitur
414 2257 503 2310 AEotta
520 2261 616 2327 virgo:
665 2259 840 2330 «pronubam
851 2257 977 2328 pinum·
997 2255 1067 2310 Vide
1082 2258 1172 2312 Anius.

106 2334 331 2406 quemadmodum
362 2337 443 2390 etiam
473 2336 618 2407 legendum
705 2355 770 2390 ιιι.
790 2337 893 2389 Excute.
914 2337 990 2390 Jaeta
1011 2336 1113 2391 facibus
1130 2357 1175 2392 ac·

106 2417 231 2486 preclare
245 2417 392 2486 conjecerat
405 2418 472 2469 Dau.
485 2416 617 2472 Heinsius.
661 2417 745 2470 censis
770 2415 907 2480 flammam
934 2435 949 2469 a
982 2415 1054 2470 silice
1086 2429 1173 2472 sumta

147 2499 213 2550 106.
223 2497 296 2548 Nunc
304 2498 421 2566 primum,
432 2510 483 2550 etc.
494 2497 617 2568 Namque
661 2497 814 2563 tralatione,
828 2516 842 2549 e
863 2498 938 2568 cujus
963 2495 1073 2567 proprie
1099 2498 1174 2552 reaia

106 2573 133 2626 iu
152 2575 257 2646 priores
272 2594 324 2628 uon
338 2590 506 2630 consenserat
520 2579 617 2642 AEaou,
661 2577 730 2648 iguis
747 2577 889 2630 excutitur.
909 2606 949 2618 —
969 2577 1062 2647 Ipacnr.
1077 2575 1131 2630 Fax
1145 2577 1173 2630 iu

105 2657 179 2708 AEcta
190 2655 364 2708 certeiuvito.
660 2658 760 2728 nuptiis
776 2657 884 2727 praelata
905 2655 931 2708 iu
950 2657 1081 2709 bonorem
1097 2658 1176 2710 Cere-

146 2735 210 2788 108.
224 2734 290 2786 Hinc
311 2735 386 2788 illine.
406 2735 615 2804 Epithalamium
662 2737 714 2802 ris;
734 2736 802 2808 ignis
821 2748 847 2788 et
862 2753 929 2807 aqua
944 2734 1080 2799 adbibita,
1099 2735 1174 2808 quod

105 2813 283 2885 arirginibua
300 2827 327 2868 et
348 2813 559 2868 adolescentibus
578 2815 616 2870 al·
661 2817 730 2870 letus
753 2815 928 2868 animantium
954 2815 1043 2868 calore
1067 2827 1093 2868 et
1122 2815 1173 2868 bu·

104 2906 179 2946 terne
199 2906 348 2960 cantatum,
370 2907 431 2948 aute
457 2895 617 2962 thalamum,
661 2914 735 2948 more
745 2907 920 2966 corporentur
931 2906 1009 2966 atque
1019 2893 1173 2948 animentur

103 2991 137 3026 ue
155 2991 315 3044 compresse
330 2993 344 3026 a
363 2975 422 3028 viro
435 2975 530 3046 puelle
542 2974 617 3029 audi·
660 2973 694 3028 ad
709 2974 797 3028 vitam.

102 3067 177 3107 retur
193 3071 254 3106 ror.
704 3053 768 3108 11³.
790 3045 958 3106 Fescenninus.
980 3050 1059 3104 Pueri
1081 3070 1172 3106 versus

145 3152 209 3202 ¹⁰9·
221 3133 303 3192 Iluro,
319 3151 384 3203 pro,
396 3153 463 3199 raro,
476 3145 507 3186 ut
519 3134 616 3206 passim
660 3133 837 3188 Fescennium
849 3131 923 3184 omni
939 3132 1083 3184 verborum
1098 3130 1174 3186 lasci·

100 3225 197 3282 poete.
206 3211 323 3266 Licentia
335 3213 363 3266 io
374 3211 497 3266 dominos
505 3232 567 3266 raro
577 3226 617 3269 est
660 3214 723 3280 via,
751 3212 835 3265 immo
863 3211 1037 3266 obscoenitate
1060 3211 1174 3266 retentos

99 3293 185 3362 justa,
202 3291 319 3362 legitima
330 3305 356 3346 et
369 3293 471 3364 legibus
485 3292 617 3346 moribus·
661 3293 804 3358 canebant,
833 3304 862 3345 ut
885 3310 959 3344 nove
984 3303 1073 3364 nuptu
1096 3310 1174 3346 aurea

101 3389 154 3442 que
167 3390 300 3426 concessa.
321 3373 391 3425 llaro
409 3373 511 3444 justum
533 3385 571 3426 est
587 3372 617 3424 li·
660 3385 825 3427 returarent:
839 3370 886 3425 sed
902 3371 988 3442 posita
1006 3369 1083 3441 priua
1105 3389 1174 3442 prae·

100 3469 162 3504 cere
180 3449 306 3504 domiuus
321 3452 412 3506 liberis
423 3449 502 3506 dictis
517 3451 615 3523 ligem
661 3465 749 3518 texta,
774 3455 849 3524 cujus
866 3469 987 3523 purpura
1005 3448 1172 3504 verecundia

100 3543 130 3584 ut
143 3529 219 3602 apud
237 3531 371 3588 Romanos
386 3531 569 3586 Saturnalibus
591 3544 618 3585 et
660 3531 834 3602 symbolum:
853 3531 889 3583 ita
902 3529 996 3584 dict-a
1012 3529 1173 3595 Fescenuio,

99 3610 254 3681 triumphis.
267 3611 380 3683 Proprie
396 3611 469 3666 euim
482 3612 527 3664 bic
539 3611 616 3664 domi-
660 3609 773 3664 Etruriae
793 3608 921 3680 oppido:
950 3608 1008 3662 aliis
1023 3627 1038 3662 a
1055 3607 1173 3675 Fuscina,

100 3695 126 3741 ni
140 3691 225 3762 leges.
241 3691 332 3744 Gaas.
660 3689 734 3763 quod
760 3688 795 3744 ad
818 3689 911 3743 nimias
936 3687 1027 3742 laudea
1050 3681 1122 3762 (que
1144 3687 1173 3742 iu

143 3789 211 3824 rso.
226 3770 250 3821 T
248 3770 365 3842 byrsigari
372 3771 462 3840 proles.
473 3769 617 3844 Hymenaee
661 3768 831 3842 epithalamio
855 3765 1063 3831 occidebantur)
1086 3789 1102 3822 a
1123 3768 1175 3820 Ne·

99 3847 139 3902 uti
148 3848 264 3912 Bacchi,
280 3850 325 3921 qui
343 3877 353 3898 ι
365 3848 445 3916 Quod
457 3851 534 3904 solvit
546 3851 617 3904 curia
661 3849 726 3903 mesi
738 3847 911 3902 vindicandas
925 3860 952 3901 et
967 3845 1112 3902 arcendum
1122 3846 1173 3899 Fa·

99 3927 300 4000 eorde,Lyreus
312 3930 376 3994 erit,
391 3955 402 3975 ·
416 3933 501 3984 alia.
516 3931 614 4001 Thyrsi,
662 3930 778 3993 minum,
796 3927 988 4000 adjiciebantur
1005 3925 1172 3980 Fescenniui.

101 4008 203 4074 basta,
214 4027 278 4081 quas
289 4009 423 4082 pampinis
433 4009 544 4065 intextas
558 4009 621 4064 Bre-
664 4007 803 4063 Claudiam.
821 4009 849 4061 iu
867 4009 951 4080 Nupt.
965 4005 1079 4062 Houorii
1093 4007 1174 4076 hujus

101 4087 198 4142 cbides
214 4089 240 4142 iu
254 4087 342 4161 Orpiis
355 4090 500 4161 gestabant.
665 4089 790 4144 carminis
804 4088 957 4162 exemplum
971 4083 1053 4140 dedit.
