3116 5172
333 456 404 532 536
696 463 1033 534 IMITATIONES

340 631 344 639 .
430 585 495 656 Qua
511 592 541 640 tu
556 599 611 640 ras
623 579 696 654 roir,
713 594 780 662 trop
802 581 852 642 fier
866 582 953 642 d'une
968 585 1054 640 vaine
1067 583 1242 660 pirissam,

429 683 472 738 Ta
485 678 631 758 grandeur
644 678 801 746 reuversee,
810 691 839 740 et
853 692 895 738 tes
908 679 1019 757 projets
1034 679 1131 740 trahis.

430 779 464 834 Je
478 775 595 854 prevois
608 787 658 833 ton
672 777 770 854 trepas
780 819 787 845 ,
797 775 828 854 je
840 776 868 835 le
886 777 963 849 vois,
973 776 1030 855 sen
1044 777 1123 854 jonis
1136 799 1143 835 :

430 877 465 932 le
479 873 567 952 gotta
580 872 652 931 dans
667 885 717 930 ton
732 873 794 932 sein
811 873 838 932 la
852 893 1018 950 rengeance
1033 872 1070 932 de
1084 875 1188 946 Trois,

429 973 467 1030 Et
480 989 513 1028 ce
523 969 594 1048 jour
607 969 723 1028 lortuue'
740 971 789 1048 qui
810 989 856 1028 me
869 969 984 1028 comble
1000 971 1037 1028 de
1048 969 1125 1048 joie,

430 1071 481 1124 Est
497 1085 534 1124 un
548 1064 618 1142 jour
638 1067 704 1144 plus
718 1066 799 1124 eruel
814 1085 891 1144 pour
905 1066 961 1138 toi,
978 1084 1056 1145 pour
1070 1079 1135 1126 tous
1150 1067 1191 1126 les
1205 1067 1297 1140 tiens,

429 1168 496 1236 Que
514 1162 565 1222 dix
580 1181 631 1222 ans
644 1160 682 1221 de
695 1162 842 1222 malheurs
856 1183 893 1222 ne
913 1163 1011 1221 iurent
1024 1181 1082 1222 aux
1095 1169 1235 1240 Troyens.

428 1259 503 1318 Mais
517 1261 586 1318 c’est
599 1279 656 1336 peu
671 1279 729 1338 qne
744 1271 773 1318 ta
787 1273 863 1318 mort
878 1258 956 1318 m'ait
970 1260 1146 1338 pleinement
1160 1259 1283 1340 rengee,

427 1363 485 1418 Par
504 1379 544 1417 un
560 1357 649 1418 crime
668 1360 807 1417 etonnant
820 1359 1033 1436 clytemnestra
1045 1359 1181 1440 alpergae,

427 1461 451 1514 A
466 1469 507 1515 tes
521 1459 620 1515 maues
633 1456 779 1534 sanglants
793 1456 838 1514 ira
858 1475 889 1514 se
905 1455 1015 1515 mnnita

379 1582 511 1651 Nostrae
539 1579 618 1648 huic
636 1579 726 1648 aetati
747 1575 874 1676 (1797)
894 1579 1053 1675 contigit,
1068 1594 1106 1648 ut
1129 1579 1314 1674 digniorem
1335 1579 1395 1649 lra-

330 1695 485 1764 heremus
504 1690 648 1788 AEschyli
673 1695 872 1786 Senecasque
891 1691 1070 1780 aemnlnrn3
1095 1707 1128 1762 et
1151 1693 1177 1762 is
1203 1708 1252 1762 est
1274 1696 1318 1763 V.
1340 1693 1393 1764 Cl.

328 1814 484 1908 Nepam.
495 1813 690 1881 Lemereier
702 1817 950 1906 Agamemnon,
967 1833 1065 1904 quem
1081 1809 1217 1880 Graeciae
1232 1822 1265 1878 et
1281 1813 1397 1879 Romae

329 1947 425 2018 aequo
446 1924 520 2018 jure
538 1947 757 2019 opponamus.
778 1923 938 1994 Pauciora
955 1920 1088 2017 quidem
1104 1947 1144 1990 ex
1161 1921 1315 2017 AEschylo
1337 1921 1395 1991 de·

331 2039 466 2125 sumsit,
484 2037 537 2108 cui
557 2052 668 2107 tamen
689 2036 825 2118 debuit,
851 2060 920 2106 non
942 2037 1031 2105 inter
1051 2061 1209 2131 personas
1229 2033 1394 2106 Electram

331 2152 523 2240 adduxisse,
545 2167 635 2222 ratus
658 2151 784 2222 scilicet
801 2177 870 2220 non
895 2151 956 2221 nisi
976 2150 1101 2221 nefario
1121 2165 1278 2246 portento
1299 2177 1396 2247 posse

330 2283 470 2338 matrem
485 2282 562 2337 ante
575 2291 633 2335 ora
650 2265 820 2359 praesentis
840 2263 917 2335 filiae
935 2282 1078 2360 paterno
1091 2266 1252 2360 sanguine
1267 2291 1396 2361 resper-

330 2406 402 2452 sam
422 2381 581 2450 adstare:
608 2379 700 2475 quod
725 2393 912 2448 monstrum
943 2377 998 2448 alii
1027 2405 1094 2448 non
1121 2381 1274 2452 vitavere.
1294 2379 1396 2452 Plura

330 2510 484 2565 autema
506 2497 655 2581 Seneca,
677 2508 710 2562 et
734 2495 902 2588 praecipue
921 2492 1008 2563 hanc
1027 2519 1203 2588 personam
1226 2495 1396 2588 Strophii,

331 2610 389 2706 qui
408 2613 563 2680 Orestem
583 2622 712 2692 serrat,
733 2622 909 2702 postquam
926 2611 1158 2703 Agamemnon
1176 2611 1301 2679 occisus
1322 2624 1392 2694 est,

331 2726 456 2821 quique
468 2721 576 2792 nnllas
585 2721 653 2792 fere
661 2721 910 2816 apnd‘latinum,
922 2725 1000 2793 satis
1010 2749 1126 2820 graves
1138 2725 1229 2819 apud
1240 2723 1396 2821 gallicum

331 2841 524 2936 scriptorem
541 2850 651 2934 partes
666 2839 746 2933 agit.
769 2838 832 2908 Hic
847 2853 1005 2934 praeterea
1024 2839 1244 2910 Cassandram
1263 2841 1324 2909 toti
1345 2840 1395 2909 la·

330 2956 418 3028 bulae
434 2957 565 3053 plenius
581 2957 784 3044 immixtam,
797 2953 930 3025 utiliora
945 2971 1097 3050 agentem
1114 2957 1307 3051 majoraque
1320 2982 1395 3052 pro-

286 3097 288 3102 ·
332 3071 455 3141 fantem
486 3072 574 3139 inter
603 3069 849 3165 praecipuarum
882 3071 1028 3164 partium
1057 3095 1215 3164 personas
1244 3070 1395 3156 induxit3

332 3189 485 3256 Orestem
508 3187 615 3276 ipsum
637 3182 768 3252 sceleris
789 3181 930 3252 ultorem
952 3183 1102 3253 futurum
1125 3182 1215 3254 solus
1234 3185 1396 3272 ostendit;

332 3298 422 3369 solus
443 3312 477 3366 et
500 3318 658 3387 mammes
679 3323 718 3367 ex
741 3299 855 3393 agnito
875 3299 1025 3391 'l'hyestae
1044 3294 1155 3393 gladio
1175 3299 1262 3367 inter
1278 3325 1396 3369 manus

333 3412 476 3510 AEgistlri
495 3413 655 3480 orientem
676 3413 812 3480 invenit.
875 3509 877 3516 k

379 3531 527 3596 Revocat
541 3526 705 3620 praecipue
721 3541 891 3596 auctorem
907 3524 1046 3595 latinum
1064 3551 1103 3595 ea
1116 3529 1273 3596 nostratis
1287 3552 1396 3613 scena,
1495 3607 1499 3614 ,

332 3642 391 3711 ubi
405 3639 654 3737 Clytaemnestra
673 3637 844 3709 fallacibus
862 3639 1033 3710 blanditiis
1055 3639 1181 3710 feroces
1204 3642 1397 3712 Cassandrae

332 3756 460 3824 animos
476 3769 617 3824 conatur
634 3751 836 3841 ‹lemulcere3
857 3769 890 3824 et
909 3754 996 3841 haec,
1014 3755 1164 3849 reginam
1188 3753 1295 3824 oculis
1312 3755 1400 3826 indi·

333 3868 512 3965 gnantibus
528 3873 711 3954 exsecrata,
734 3867 895 3938 exclamat
910 3869 985 3965 (act.
1000 3872 1050 3956 ΙΙ,
1067 3893 1110 3953 sc.
1125 3865 1188 3958 vm)
1204 3895 1212 3938 τ

786 3985 986 4062 ΕοιῑεΤυιῃηιο
1000 4001 1165 4080 importune
1180 4021 1226 4061 ma
1243 4023 1309 4062 rue.

430 4101 509 4157 Tuus
524 4119 583 4156 mes
599 4119 664 4156 sens
681 4111 732 4156 ont
747 4097 840 4156 lrfimi.
