3042 5156
395 494 625 566 OEDIPUS.
652 496 759 566 ACT.
787 497 830 564 V.
1076 529 1144 601 ²⁰7

127 621 265 686 Tantum
281 631 333 686 est
348 615 513 712 periclum
528 613 633 688 lucis!
650 617 786 691 Attollit
804 634 928 716 caput,

127 729 286 822 Canisque
303 726 449 797 lustrans
466 729 605 798 orbibus
623 728 695 799 caeli
713 727 843 825 plagas,

124 841 256 908 Noctem
279 837 462 931 experitur.
490 838 669 934 Quidquid
690 841 819 911 ellossis
837 841 925 912 male

124 948 291 1043 Dependet
309 947 432 1035 oculis,
454 943 599 1045 rumpit;
620 967 654 1022 et
671 951 789 1040 victor,
808 955 899 1024 Deos

124 1057 313 1128 Conclamat
329 1082 469 1129 omnes:
488 1062 661 1149 «Parcite,
679 1061 766 1150 heu,
783 1063 918 1157 patriae,
937 1089 1075 1160 precor:
1101 1092 1141 1146 „a

122 1171 216 1238 «Jam
231 1169 323 1263 jussa
344 1169 426 1258 feci,
446 1168 576 1242 debitas
596 1196 712 1268 poenas
728 1171 802 1243 tuli.

121 1281 284 1356 «Inventa
302 1276 458 1350 thalamis
475 1279 578 1376 digna
599 1307 668 1352 nox
686 1282 821 1352 tandem
838 1284 961 1356 meis.»

120 1389 212 1484 Rigat
233 1413 294 1459 ora
311 1387 420 1460 foedus
441 1390 561 1480 imber,
581 1405 615 1461 et
634 1391 781 1464 lacerum
799 1407 902 1489 caput

119 1501 259 1596 largum
277 1499 417 1571 revulsis
434 1502 634 1598 sanguinem
650 1503 745 1573 venis
765 1503 882 1574 vomit

449 1689 750 1782 CHORUS.

250 1889 340 1959 Fatis
360 1889 512 1984 agimur,
531 1889 641 1960 redite
659 1890 747 1960 satis.

248 1999 327 2068 Non
350 1997 499 2068 sollicitae
521 2011 662 2095 possunt
681 2025 769 2070 curae

246 2117 382 2184 Mutare
410 2115 473 2182 rati
497 2114 640 2185 stamina
661 2115 737 2185 fusi.

246 2229 422 2324 Quidquid
444 2232 591 2325 patimur
608 2228 748 2300 mortale
767 2255 890 2326 genus,

244 2343 421 2439 Quidquid
439 2345 595 2426 facimus,
615 2345 707 2415 venit
726 2371 766 2414 ex
789 2344 878 2415 alto:

243 2459 428 2549 Servatque
444 2479 511 2526 suae
530 2455 663 2525 decreta
684 2455 778 2525 colus
1083 2485 1124 2536 ,rs

241 2565 421 2654 Lachesis,
443 2565 526 2634 dura
547 2563 696 2635 revoluta
715 2591 830 2635 manu.

60 2705 166 2780 Plusque,
185 2729 256 2782 qnam
270 2720 370 2770 retest,
379 2709 454 2775 serit.
469 2709 561 2774 Quum
608 2707 740 2762 Farnobio
761 2707 814 2762 diei
836 2726 851 2760 e
873 2707 996 2775 Nuntio,
1017 2727 1049 2763 ex
1075 2727 1122 2764 sna

58 2787 110 2840 eatis
127 2788 218 2842 inissa
243 2806 347 2842 ennea
363 2789 460 2852 telam,
479 2806 561 2860 quam
606 2807 730 2859 persona.
741 2788 878 2842 -Foedns
892 2789 975 2852 imber,
989 2789 1046 2842 eeil.
1061 2809 1122 2844 san·

55 2881 120 2920 voert
133 2869 297 2933 Bernabins,
314 2869 359 2922 vel
375 2869 508 2941 pupillam
522 2869 561 2922 el'·
604 2868 694 2940 guinis
717 2887 733 2922 e
753 2869 867 2922 vnlnere
891 2870 1032 2922 oculorum
1055 2890 1122 2941 pro·

54 2944 148 3001 lodisee.
603 2947 724 3002 fluentis.

83 3045 144 3097 97¹·
167 3029 274 3081 Tantum
297 3039 336 3080 eet
353 3029 471 3099 periclum
486 3029 557 3081 lueth.
643 3028 701 3081 Act.
711 3028 750 3093 V,
763 3043 834 3079 scen.
855 3044 888 3081 rr.
904 3026 1012 3080 Cborne
1023 3027 1073 3081 itte
1085 3046 1118 3080 ex

48 3105 75 3157 ln
91 3121 197 3161 tantum
213 3109 300 3162 lucem
319 3105 429 3174 exodit3
448 3122 501 3162 tarn
518 3119 557 3162 at·
603 3106 745 3179 discipline
766 3107 917 3160 Stolonrunr
930 3101 996 3178 (qui
1017 3107 1119 3174 omnia,

48 3195 111 3240 tente
121 3201 216 3254 earet,
228 3207 263 3242 ne
282 3186 348 3260 qnid
367 3189 421 3242 eibi
432 3189 499 3244 lueis
512 3207 555 3242 re·
601 3188 685 3240 immo
698 3185 778 3240 deum
800 3187 887 3257 ipsum
901 3187 1046 3258 subjiciunt
1062 3189 1120 3240 ine·

44 3265 186 3340 linquatur.
207 3269 294 3321 Fran.
600 3257 836 3335 vitabilihuel'etis)
849 3268 967 3320 exorturi
979 3265 1120 3340 OEdipum

76 3350 143 3416 973.
154 3349 260 3402 Noctem
271 3351 401 3418 experitur.
413 3349 455 3400 Au
468 3347 500 3401 sit
510 3365 556 3419 pe·
598 3347 667 3401 vult.

39 3429 104 3480 situs
124 3447 228 3482 eacus.
240 3427 436 3499 -Qnidqoid,
456 3445 553 3480 nervo·
639 3428 708 3496 982.
721 3424 840 3479 Stamina.
858 3423 902 3478 sic
919 3426 1029 3480 Hercul.
1049 3426 1115 3482 Fur.

37 3523 106 3571 tam,
121 3509 166 3561 vel
182 3508 420 3570 carnis-Mate,
435 3507 491 3560 vix.
598 3509 671 3576 559:
693 3533 704 3554 ι
718 3507 830 3560 Evincas
849 3507 953 3558 utinam
971 3508 1031 3577 jora
1049 3508 1114 3560 lere

67 3596 133 3659 97⁴-
162 3589 271 3653 Victor,
296 3588 371 3660 qnasi
396 3589 472 3642 letos
499 3587 551 3642 lroc
596 3587 1114 3658 StygisParrarnmqnecolosnonreso·

32 3683 135 3740 sumpto
149 3668 183 3720 iu
202 3667 373 3740 semetipsum
388 3666 529 3740 supplicio.
595 3666 727 3720 nabiles.»
740 3697 777 3710 -·-
789 3666 861 3727 llari.
877 3665 1010 3721 destinati.

64 3753 132 3818 976.
146 3749 229 3800 Jeme
236 3748 299 3816 seri.
320 3746 404 3812 Quod
419 3747 550 3800 voluistis.
637 3747 704 3815 984.
717 3746 758 3796 Ee
769 3745 835 3809 alto,
849 3746 867 3798 i.
881 3763 904 3798 e.
917 3745 983 3799 Fato
992 3765 1036 3798 sen
1046 3763 1112 3816 pro·

27 3826 100 3882 Ceut.
117 3849 163 3881 vs.
183 3828 255 3884 658.
593 3825 711 3879 videntia
727 3823 833 3889 divine,
849 3825 910 3890 vel,
926 3838 956 3878 nt
969 3826 1111 3896 astrologi,

61 3927 128 3978 977.
141 3907 293 3974 Thalamis,
304 3907 405 3960 incesto
414 3906 549 3978 conjugio.
593 3923 625 3958 ex
639 3905 848 3960 constellatione.
866 3905 955 3958 Fun.

57 3991 126 4059 978.
142 3989 234 4059 Rigas
255 4007 317 4053 ore,
340 4000 389 4040 ete.
413 3985 478 4040 Haec
492 4004 551 4059 qun
636 3987 702 4055 986.
718 3985 850 4051 heheu,
861 4004 914 4039 una
925 4003 940 4038 e
951 3983 1109 4048 Porrim-

20 4063 128 4140 OEdipo
146 4067 250 4122 edisne
257 4067 379 4140 loquenti
389 4067 486 4120 tribuit
497 4067 554 4138 gul·
596 4077 664 4119 tum.
679 4095 720 4108 -
730 4066 819 4132 Dm,
830 4063 1003 4129 inexorabili,
1014 4064 1111 4116 immo·

17 4142 77 4202 licus
103 4149 271 4220 interpret,
294 4159 466 4204 suturae-ns
490 4163 551 4200 eum
597 4144 683 4200 tabili.
