3042 5190
384 493 424 562 tn
678 472 718 538 L.
745 472 917 546 ANNAEl
943 473 1151 542 SENECAE

425 591 794 688 [ucrimisque'oogisl‘
807 595 970 692 profugus
986 621 1028 664 en
1045 595 1170 689 conjux
1187 595 1301 678 abest,

428 707 634 796 Praestatque
651 718 783 798 nuptae‚
803 730 904 799 quern
922 704 1023 790 solet,
1036 704 1183 774 Theseus
1197 703 1310 776 fidem.

428 813 538 900 Fortis
560 837 620 907 per
641 812 722 884 altas
740 816 821 886 invii
848 832 940 888 retro
961 816 1052 888 lacus

427 924 530 995 Vadit
548 925 700 994 tenebras
717 925 812 996 miles
828 928 963 998 audacis
981 927 1094 1026 proei;

426 1034 518 1104 Solio
537 1050 574 1106 ut
593 1034 756 1105 revulsam
776 1039 864 1133 regis
882 1038 1003 1108 inferni
1022 1036 1213 1123 abstrahat,
1423 1060 1448 1108 νε

425 1145 540 1240 Pergit
559 1145 808 1217 lurorisisocius
824 1173 832 1216 ε
851 1149 943 1218 haud
965 1148 1059 1218 illurn
1077 1148 1188 1230 timor,

426 1255 606 1350 Pudorque
627 1259 733 1326 tenuit
749 1284 757 1326 ε
773 1274 888 1354 stupro
908 1275 943 1328 et
961 1259 1093 1329 illicitos
1116 1273 1207 1327 toros

426 1366 617 1437 Acheronte
632 1368 667 1438 iu
683 1368 751 1438 imo
764 1370 883 1463 quaerit
899 1367 1075 1464 Hippolyti
1094 1383 1198 1463 peter.

427 1475 492 1545 Sed
511 1476 618 1568 major
635 1474 720 1548 nlius
738 1478 877 1548 incubet
896 1495 1020 1550 inoestae
1041 1479 1148 1549 dolor.

428 1588 506 1656 Non
525 1610 578 1653 rne
594 1587 687 1680 quies
705 1603 886 1678 nocturne,
908 1615 977 1660 non
996 1589 1083 1659 altus
1099 1612 1201 1684 sopor

427 1693 563 1765 Solvere
585 1698 673 1766 curis
689 1723 697 1766 ε
716 1696 818 1769 alitur
836 1715 869 1770 et
889 1700 1009 1768 crescit
1027 1696 1172 1780 malum,

427 1807 471 1873 Et
489 1804 584 1874 ardet
598 1807 708 1893 intus,
724 1784 834 1904 qualis
854 1811 983 1878 AEtnaeo
1004 1832 1109 1902 vapor

382 1969 429 2041 qni
454 1969 572 2024 deseruit
595 1970 748 2036 Ariadnen,
773 1991 891 2026 sororem
935 1973 1100 2045 gradiemur,
1124 1990 1179 2043 qno
1199 1989 1267 2044 sepe
1289 1971 1456 2023 omittuntur

385 2069 487 2116 meam3
502 2051 548 2122 qui
561 2049 679 2104 deseruit
693 2071 743 2104 me.
936 2072 1033 2117 voces,
1046 2073 1117 2116 uxor,
1140 2055 1255 2116 maritus,
1268 2063 1353 2122 linter,
1366 2051 1454 2118 filius,

425 2147 471 2198 91.
489 2131 572 2200 Cogis.
583 2129 648 2183 Vid.
660 2144 717 2185 not.
730 2151 768 2185 ve.
786 2135 833 2201 89.
936 2145 987 2186 eto.
995 2153 1043 2187 neo
1055 2131 1172 2186 Phaedrte
1182 2131 1308 2203 imputari
1318 2129 1400 2184 debet
1411 2147 1455 2180 ex·

424 2229 471 2278 9²·
493 2211 600 2280 Nupta,
625 2211 692 2263 mihi
715 2230 794 2283 quem
821 2231 893 2266 nuno
936 2211 1207 2284 quinitiorell'ectetio
1227 2209 1331 2282 tacendi
1351 2228 1454 2263 nornen

382 2309 493 2344 uxorem
506 2290 594 2342 hebet.
606 2321 645 2334 -·
654 2294 733 2359 Quem
748 2293 822 2354 solet,
837 2292 893 2346 soil.
937 2293 1057 2346 Deeeibi
1068 2294 1195 2356 inrisum,
1207 2305 1236 2345 ut
1245 2290 1289 2344 nlii
1302 2289 1453 2343 credidere.

383 2383 506 2440 praetere
525 2369 652 2422 uxoribus
668 2371 739 2435 euie;
757 2384 782 2423 et
794 2371 892 2423 intelli·
978 2377 1025 2441 96.
1035 2373 1127 2442 Pergit.
1137 2372 1263 2426 Praeeenti
1272 2368 1392 2423 vividius
1404 2371 1457 2441 egi-

383 2467 488 2520 ge,per
505 2449 580 2508 hero,
600 2447 682 2501 alludi
695 2450 729 2504 ad
747 2451 892 2516 Helenam,
937 2463 991 2504 tur.
1015 2483 1052 2494 -·
1075 2451 1196 2518 Furoris,
1222 2451 1306 2504 ineeni
1331 2451 1455 2513 umoris,

384 2528 560 2600 Hippolytum
575 2547 621 2581 eeu
641 2529 793 2601 Antiopen,
814 2530 893 2583 Meli·
937 2549 1017 2604 quem
1035 2532 1171 2602 experitur
1192 2532 1335 2585 Pirithous.
1350 2563 1393 2572 -
1410 2532 1457 2582 Ti·

383 2609 485 2671 boeem,
497 2606 650 2672 Ariadnen,
663 2621 713 2663 etc.
938 2631 1003 2677 mor,
1014 2613 1070 2665 scil.
1080 2612 1173 2664 mortis
1183 2624 1209 2664 et
1220 2609 1322 2665 reditus
1334 2629 1395 2662 non
1407 2610 1457 2662 ob·

425 2687 897 2760 9lsq.Fortismiles.Strenuueiner·
937 2690 1049 2745 tineudi.

378 2769 433 2822 urie
442 2768 772 2840 eomee.—-Audaeisprori.
780 2769 894 2822 Pirithoi
978 2789 1014 2840 97
1027 2790 1065 2842 eq.
1080 2771 1179 2834 Pudor,
1194 2769 1266 2842 qnod
1284 2781 1394 2842 prestet
1408 2787 1457 2822 nu-

383 2850 447 2920 qui,
458 2861 501 2902 ut
516 2862 555 2902 eet
572 2865 731 2919 procorum,
757 2850 894 2920 Proserpi·
937 2851 1030 2904 xiliurn
1044 2853 1135 2922 emptio
1145 2850 1288 2905 adulteriis.
1299 2883 1337 2893 -
1349 2851 1461 2902 Illicitos

383 2948 443 2982 nem
451 2929 518 2982 Ditis
526 2927 894 2982 thelatnodeducereedortue
938 2942 1002 2982 toros
1011 2935 1098 3002 quoerr'e
1111 2932 1242 3003 Iliplntyn'
1249 2942 1327 3001 pater.
1339 2929 1418 2984 Hinc
1431 2943 1460 2982 et

383 3023 446 3064 eret.
466 3041 504 3052 --
522 3009 572 3060 Per
584 3008 664 3071 altas,
680 3021 729 3061 etc.
743 3009 892 3074 construe,
937 3011 986 3062 eibi
1001 3011 1087 3066 illiciti
1103 3012 1202 3064 amoris
1214 3011 1348 3064 licentium
1363 3022 1460 3083 captet

384 3181 434 3222 tro.
455 3193 466 3214 ι
482 3169 516 3220 Et
531 3171 618 3220 invium
638 3178 716 3232 retro,
735 3181 811 3220 vocnt
831 3168 892 3233 hic,
978 3189 1024 3241 99.
1037 3171 1139 3224 Mostoe.
1153 3171 1215 3224 seit.
1229 3168 1305 3224 mihi.

383 3267 463 3320 quem
481 3247 526 3300 atti
547 3247 715 3300 irremeabilem
733 3248 891 3314 nominnut;
980 3251 1154 3304 mesalum.
1166 3250 1333 3304 Preteritum
1344 3261 1465 3320 tempus

383 3327 470 3399 egitur
489 3341 577 3382 autem
598 3325 633 3380 de
654 3327 743 3397 Styge.
755 3361 791 3370 -
805 3328 891 3382 Vadit.
936 3343 982 3383 eet.
997 3363 1032 3373 -
1042 3331 1131 3399 Curis,
1151 3331 1309 3402 angoribus,
1320 3330 1464 3384 sollicitu-

382 3409 503 3461 Verbum
517 3405 589 3479 quod
605 3405 789 3460 fortitudinem
803 3409 893 3462 innuit
935 3407 1053 3464 dinibus.

381 3501 408 3540 et
419 3487 564 3540 audaciam.
980 3511 1040 3544 ron.
1062 3491 1157 3554 Ardet,
1179 3491 1256 3562 qualis
1283 3507 1380 3559 uapor,
1409 3504 1464 3543 etc.

423 3566 550 3638 95.Solio
563 3567 734 3633 ntrevulrom,
753 3580 803 3620 etc.
817 3567 893 3620 Deei·
937 3570 1024 3624 Ardet
1044 3583 1096 3623 tem
1120 3568 1236 3624 fervidus
1261 3586 1342 3640 quern
1370 3587 1466 3640 vepor

383 3646 492 3700 deretur
503 3647 547 3700 hic
561 3648 770 3711 substantivum,
780 3649 820 3700 vel
832 3650 893 3700 Pro·
937 3649 997 3716 ille,
1009 3663 1058 3704 ete.
1069 3681 1103 3692 -
1114 3650 1218 3702 AEenoeo
1228 3660 1306 3700 antro.
1320 3649 1469 3704 Similiter

379 3727 559 3798 serpiuam,rel
570 3747 681 3790 neotum
692 3727 728 3781 ite
738 3739 766 3780 nt
778 3727 892 3782 ordovi-
935 3730 991 3782 fere
1010 3730 1088 3782 Here.
1103 3729 1156 3780 fur.
1172 3748 1208 3780 ve.
1225 3731 1291 3792 1063
1313 3739 1344 3780 et
1365 3730 1468 3783 forsan

382 3808 476 3862 dentur
491 3825 564 3860 eree:
581 3835 592 3856 ι
601 3821 630 3860 ut
645 3807 779 3860 abstrahet
796 3827 892 3860 uxorem
935 3808 1044 3879 paulurn
1054 3819 1177 3862 extranee
1188 3809 1261 3861 estin
1272 3826 1318 3860 ore
1330 3809 1471 3864 mulieris

381 3890 449 3960 regie
460 3888 571 3952 inferni,
585 3887 715 3941 revulsam
729 3886 811 3951 eolio,
822 3913 833 3934 ι
850 3889 892 3940 vel
935 3907 1026 3960 grecie
1037 3889 1344 3960 teliseomperetio,quee
1354 3891 1469 3944 Rome-

381 3971 479 4022 etient:
497 3992 509 4014 ι
522 3981 550 4020 ut
569 3967 702 4022 abstrahet
722 3967 893 4038 Proserpinam
936 3987 1001 4020 num
1014 3981 1039 4022 et
1049 3988 1104 4021 non
1115 3968 1212 4039 procul
1224 3986 1237 4020 e
1251 3967 1344 4021 Sicilia
1358 3967 1474 4042 degen-

381 4047 512 4103 reruluun
529 4045 595 4099 tolio
607 4047 676 4117 regie
688 4046 794 4100 inferni.
809 4072 820 4094 ι
836 4047 892 4101 Cur
936 4061 988 4102 tero
997 4047 1294 4122 potiuenrguit.Nonne
1306 4047 1373 4103 hoec
1388 4051 1473 4104 insu·

379 4141 468 4184 autern
481 4127 548 4181 ebrit
558 4127 751 4181 substantivum
761 4165 768 4194 ,
779 4126 892 4198 explicet
936 4147 985 4200 per
996 4129 1105 4182 nimiam
1117 4126 1240 4182 redolent
1250 4124 1472 4184 eruditionem?
