3124 5162
730 531 787 610 IN
819 533 1044 612 Muuuttt
1097 544 1101 553 '

542 658 665 706 Moruiers
679 663 764 722 purtim
779 663 884 724 grunitu
899 679 926 710 ss
939 663 1082 726 remensium

539 738 633 788 ssntn
650 741 761 803 exprimit
775 745 917 805 misereque:
928 753 953 791 rt
967 743 1087 790 obsouuss
1104 757 1175 800 sees,

541 813 665 876 Moesique
675 831 717 862 eor
726 816 842 872 bubonis,
853 828 877 864 st
888 833 964 866 rsuesr
972 821 1050 880 strigis

539 887 638 935 Euenus
651 889 707 937 rirsr
719 890 817 940 risum:
832 893 881 940 bne
890 893 1003 942 scelerum
1011 892 1096 942 srtil'ex

538 963 644 1011 Duoreu
655 965 730 1026 pontt.

355 1088 395 1143 Ut
408 1083 460 1166 boo
473 1087 554 1158 velit,
575 1091 678 1164 inquit,
699 1090 821 1148 Medeam
834 1093 989 1166 expressisse
1004 1093 1082 1148 simul
1100 1111 1192 1148 sucoos
1204 1111 1238 1148 ex
1254 1090 1426 1164 grsmi'nibus

353 1169 513 1236 mortiferis,
526 1190 556 1224 sc
572 1171 708 1226 miscuisse
720 1191 781 1234 num
793 1175 945 1244 serpentum
958 1173 1047 1228 sanie:
1062 1173 1201 1228 bubonum
1216 1192 1281 1228 vero
1296 1174 1426 1246 striguma

352 1267 418 1321 que,
428 1262 454 1303 et
465 1245 577 1304 slisrum
589 1249 772 1306 obsooeuurnm
786 1254 873 1307 svium
887 1265 1006 1326 prosectu
1017 1253 1136 1326 posuisse
1145 1251 1269 1308 discreta.
1278 1253 1390 1306 lituu.

395 1335 459 1400 740.
474 1330 624 1402 Compreeor.
639 1331 717 1386 MSS.
733 1347 838 1398 onmes,
854 1333 922 1399 Vos,
939 1352 1032 1404 precor.

395 1415 460 1477 746.
482 1407 589 1464 Gravior
600 1415 642 1463 uri
650 1419 723 1482 poertu
734 1409 824 1465 sebur.
846 1402 1032 1468 Florentium!
1056 1412 1194 1466 «Gravior
1210 1412 1259 1466 nni
1278 1431 1358 1486 porus
1380 1427 1423 1466 se·

353 1485 425 1545 dest.
444 1513 455 1536 ι
471 1489 545 1560 quod
558 1501 630 1544 rente
644 1491 742 1561 probst
754 1492 896 1560 Heinsius,
909 1492 997 1564 iusque
1010 1493 1140 1564 explicet,
1151 1505 1182 1547 ut
1200 1492 1247 1546 uni
1264 1511 1360 1547 sonero
1376 1487 1423 1544 Is·-

351 1567 435 1624 snnis.
453 1568 505 1622 boo
518 1580 569 1634 est,
590 1570 716 1637 Creonti,
738 1569 901 1642 imprecetur
912 1580 1004 1626 ornnes
1015 1567 1094 1626 sitnul
1105 1589 1212 1645 pnnss,
1230 1591 1290 1646 quse
1307 1573 1423 1626 luuntur

351 1641 454 1701 svsriis
464 1647 536 1720 spud
545 1648 657 1704 luleros.
670 1648 783 1704 Ovidius
792 1650 821 1704 iu
831 1648 953 1718 Ibidem,
964 1667 1002 1707 rs.
1014 1653 1082 1724 187:

537 1790 612 1836 lionis
627 1788 692 1834 mille
704 1789 779 1836 modis
794 1789 936 1837 boersbitur
947 1791 1041 1847 unum
1058 1799 1157 1856 tuusque

569 1863 661 1910 Alluous
670 1864 694 1909 in
706 1879 786 1926 poenns
796 1867 929 1928 ingeniosus
937 1869 989 1913 erit.

537 1938 564 1984 ln
578 1947 602 1985 ts
611 1939 749 1986 trsnscribot
759 1949 864 1986 veterum
874 1949 989 1987 torments
999 1955 1105 1994 reorum:

566 2011 676 2061 Msuibns
685 2014 785 2076 tutiquis
799 2029 868 2062 censs
877 2015 964 2078 quietis
976 2017 1029 2064 eris.

347 2177 381 2232 Iu
396 2167 438 2232 bis
453 2177 572 2232 versibus
588 2169 742 2251 (747750)
761 2179 915 2234 menifestus
932 2197 1009 2234 error
1023 2179 1209 2244 librariorum,
1228 2178 1318 2250 iuquit
1338 2173 1421 2233 norb.

348 2277 409 2312 unm
423 2260 488 2312 ulios
499 2258 685 2312 dsmnatorum
699 2258 770 2332 spud
784 2260 905 2327 luleros,
920 2279 1002 2331 quum
1015 2277 1142 2313 suburere
1154 2260 1246 2330 jubent
1259 2256 1373 2325 Medes,
1391 2271 1419 2311 et

349 2338 400 2391 sibi
416 2356 494 2410 opem
508 2340 591 2404 l'erre,
602 2350 630 2391 nt
641 2339 749 2410 grevior
761 2340 880 2410 ipsorum
897 2359 974 2412 puna
989 2338 1258 2410 infligstanreottti3
1274 2338 1343 2391 ulios
1353 2357 1418 2390 vern

347 2413 528 2489 (Sisyphum),
540 2419 586 2489 qui
601 2419 672 2470 hune
688 2437 785 2487 genere
798 2420 978 2490 ettingebsnt,
998 2421 1087 2473 obesse
1100 2419 1181 2484 velit,
1202 2435 1237 2470 ne
1251 2435 1321 2488 opus
1336 2433 1419 2471 suunt

347 2495 498 2551 interventu
518 2498 626 2550 illorum
643 2497 821 2566 impediatur:
844 2499 900 2552 buo
913 2497 968 2552 duo
981 2496 1084 2552 diverse
1098 2499 1134 2552 itu
1150 2499 1298 2552 misoeutur
1312 2498 1342 2550 iu
1357 2497 1418 2550 rul-

348 2577 416 2646 gstis
427 2576 515 2637 libris,
532 2589 576 2642 nt,
594 2575 659 2647 quid
672 2577 723 2629 sibi
735 2577 831 2643 velint,
844 2578 888 2631 six
898 2578 1035 2650 intelligss.
1045 2579 1134 2646 Quare
1144 2575 1299 2632 mirandum
1308 2597 1366 2631 non
1376 2589 1417 2631 est

347 2657 461 2724 grauiter
475 2654 528 2706 tabi
543 2655 571 2707 iu
585 2652 744 2708 declarando
758 2657 818 2710 loco
830 2658 893 2711 VV.
903 2657 962 2711 DD.
972 2672 1022 2712 eto.

385 2739 423 2804 74
428 2753 455 2806 7.
470 2733 598 2805 Sisyphum
613 2734 700 2787 solost.
710 2736 790 2806 Vulg.
804 2735 870 2790 libb.
883 2750 910 2790 et
925 2735 1103 2792 eddsuolrut:
1117 2755 1177 2792 oum
1191 2736 1332 2790 Grnuoriu
1348 2755 1416 2808 prse-

348 2814 459 2866 tulimus
471 2815 562 2872 soloas,
584 2811 612 2867 id
630 2825 686 2880 est,
699 2812 817 2868 dimittet
833 2817 865 2868 sb
881 2816 954 2870 insui
966 2818 1071 2882 lsbore,
1091 2831 1122 2872 ut
1138 2818 1195 2888 ipse
1210 2817 1412 2888 interpretetur.

345 2893 453 2966 Thyest.
469 2913 506 2948 rs.
521 2898 575 2959 64,
590 2893 702 2965 blegurs
714 2893 747 2948 ud
758 2895 901 2949 Tantalum
913 2917 921 2948 r
945 2921 956 2946 ι
970 2897 1068 2949 liberum
1080 2895 1203 2950 dedimus
1214 2895 1305 2958 diem,
1315 2896 1413 2947 Tusur-

345 2993 398 3046 qne
412 2973 445 3026 ad
465 2976 525 3027 istus
539 2974 650 3026 soluimus
665 2991 767 3028 mensas
781 2975 912 3030 inmem-
928 2976 1006 3030 Cous.
1019 2995 1125 3048 quoque
1138 2973 1221 3046 llipp.
1236 2994 1276 3028 rs.
1288 2973 1368 3028 rudi.

387 3056 454 3124 748.
467 3055 520 3106 Vos
533 3073 640 3126 quoque,
657 3056 722 3106 urnis
733 3073 792 3128 quus
799 3056 901 3124 sorotis.
916 3053 1053 3109 Fabricius
1066 3057 1167 3128 legebat
1180 3077 1191 3098 ι
1203 3055 1328 3126 Vosque,
1343 3071 1410 3124 quus

344 3133 418 3184 urnis
433 3133 534 3187 sortitis.
550 3159 561 3181 ι
578 3135 653 3186 Hunc
666 3133 825 3200 lectionem,
840 3153 919 3207 qnsm
941 3136 1062 3206 praebent
1082 3135 1186 3208 sliquut
1205 3133 1268 3187 libri
1286 3147 1312 3186 et
1331 3131 1411 3186 editt.

343 3211 425 3263 Puris.
437 3224 464 3263 et
478 3213 574 3265 Venet.
585 3213 633 3264 etsi
649 3231 704 3266 non
718 3226 870 3285 sequnntur,
884 3213 961 3268 rslde
973 3215 1148 3286 comprobant
1162 3213 1277 3285 llspbel.
1289 3225 1316 3267 et
1329 3212 1413 3266 Grut.

345 3303 374 3343 ut
387 3291 536 3343 suaviorem
552 3303 579 3343 et
590 3290 669 3362 louge
682 3291 903 3362 snteponentlnm.

385 3369 450 3440 754.
466 3369 664 3424 Nubibusu'cris.
675 3370 782 3440 Rupibus
791 3373 904 3426 mulebrt
914 3371 1046 3428 Heinsius.
1059 3371 1141 3446 Apud
1153 3371 1295 3426 Lucsnusn
1306 3385 1413 3438 tumen,

342 3449 384 3500 1v
387 3488 394 3514 ,
406 3467 443 3502 vs.
455 3447 509 3502 ³31
527 3467 534 3503 t
559 3449 657 3502 «siccis
670 3449 759 3504 vultus
776 3452 803 3504 in
826 3453 942 3506 nubibus
961 3453 1095 3508 berenb-
1114 3453 1220 3518 Quibus
1242 3465 1270 3506 et
1292 3453 1411 3505 tumus

342 3526 414 3580 idem
428 3529 543 3600 opponit
557 3528 665 3588 nebulus,
681 3529 741 3594 vt,
753 3548 791 3586 rs.
806 3535 872 3596 468.
889 3531 957 3585 Bru.

381 3607 448 3678 755.
461 3609 557 3681 Egiqur
570 3608 606 3660 od
619 3613 700 3664 imum.
719 3609 843 3664 Nostrum
858 3624 949 3665 tuetur
959 3611 1021 3666 lect.
1034 3612 1113 3665 Grut.
1126 3610 1182 3665 Sed
1194 3609 1258 3664 edd.
1270 3623 1300 3666 et
1310 3611 1410 3684 sliqnot

340 3686 417 3741 MSS.
430 3705 491 3740 eum
505 3687 634 3741 Commel.
648 3687 713 3743 dunt
724 3691 821 3763 Egique
833 3691 869 3744 ad
878 3693 925 3743 irus
930 3711 940 3754 ,¹
951 3689 1025 3763 quod
1037 3703 1143 3744 scutum
1157 3689 1286 3764 quidem,
1299 3689 1345 3746 sed
1359 3691 1412 3744 mi·

340 3766 413 3820 nime
427 3767 580 3839 oppositum
592 3769 672 3821 nobis
683 3769 799 3823 ridetur.

382 3851 450 3918 76⁰·
463 3847 562 3900 AEuioa
576 3848 646 3900 tellus
656 3849 751 3918 florutr.
768 3849 942 3903 Marklandus
957 3849 992 3903 ad
1007 3851 1072 3903 Stet.
1087 3849 1151 3903 Silr.
1167 3851 1196 3916 l,
1213 3852 1248 3915 3,
1261 3851 1409 3922 Μανία,

340 3937 366 3978 et
378 3945 454 3980 seusu
468 3940 494 3980 et
503 3926 672 3999 oppositione
678 3925 820 3982 absurdum
831 3930 953 4001 putabet,
962 3927 1189 4000 emendsbstque:
1203 3930 1322 3982 «AEstiss
1331 3929 1412 3983 tellus

341 4006 446 4060 horruit
461 4019 539 4060 contu
558 4025 628 4060 meo.
641 4032 651 4053 ι
670 4007 707 4060 Ut
718 4009 791 4061 tumr
804 4009 966 4082 intelligutur
980 4008 1015 4062 de
1028 4027 1080 4081 qus
1096 4009 1236 4080 proprium
1253 4022 1292 4064 est
1305 4010 1410 4062 hm.

341 4084 393 4139 Sed
409 4087 444 4140 ita
461 4088 503 4140 bis
521 4085 591 4140 idem
606 4085 714 4140 (licitur.
729 4089 797 4141 Nom
816 4089 888 4142 Ceres
905 4089 988 4144 uidem
1005 4090 1126 4142 liberaum
1141 4109 1253 4154 mersus,
1275 4101 1314 4142 est
1329 4101 1409 4142 sutu-

341 4185 417 4218 muus
436 4168 464 4219 iu
479 4168 601 4221 brumum
616 4185 716 4221 versus.
739 4168 813 4222 Nihil
833 4169 916 4224 sltero
938 4169 1036 4226 ssuius.
1055 4169 1153 4226 AEru'ro
1170 4169 1355 4240 ultusstorute,
1380 4167 1413 4222 ld
