3116 5172
377 530 447 601 AN
455 529 921 601 IMADVERSIONES.
1115 526 1185 614 543

162 662 226 718 zat.
235 661 263 716 A
273 660 360 731 palliae
370 679 473 732 unque·
488 659 601 722 hanam,
613 674 664 714 eto.
680 660 783 714 Fabrie.
799 683 810 704 ·
821 660 916 731 apen.
929 665 1057 731 unquam',
1070 659 1112 713 rel
1121 678 1186 714 suna

119 743 213 798 celebs
227 753 334 806 tornu-
351 752 379 794 et
391 739 480 794 addit:
498 763 510 786 ι
524 739 585 812 plna
599 738 735 811 elegantia
749 741 830 794 habet
842 753 869 794 et
880 737 1090 810 veritatis,quod
1106 753 1145 794 eet
1157 741 1186 792 in

120 824 188 878 libro
199 821 300 876 reteri:

581 913 645 960 llere
655 913 834 960 desertus-lueet

319 987 433 1048 Apolline
443 1001 547 1048 unquam
558 986 657 1034 bubara
670 988 754 1034 celebr
763 997 851 1034 torna.-

120 1096 202 1167 Quod
213 1111 311 1152 nostra
321 1097 390 1150 iavet
401 1096 521 1151 lectioni.

162 1181 227 1234 186.
240 1178 333 1247 Diligit
354 1177 508 1250 Lyrnessida.
527 1177 605 1231 MSS.
624 1194 717 1231 omnes
734 1175 816 1242 dant,
832 1175 986 1241 Briseidam
998 1177 1070 1232 solus
1094 1177 1184 1244 8055,

119 1259 172 1312 levi
184 1256 340 1322 mutatione,
347 1257 472 1309 Briseida.

161 1340 227 1408 187.
240 1337 365 1390 Annam.
378 1336 501 1406 Plerique
512 1333 588 1388 MSS.
602 1335 713 1398 nudam
725 1337 810 1401 8031,
820 1337 939 1399 evulsam
953 1356 1011 1408 quae
1025 1351 1085 1410 post
1096 1337 1185 1411 vulga·

119 1432 171 1472 taur
183 1417 262 1471 lectio
275 1416 442 1486 nobismngis
454 1415 539 1485 proba
550 1413 709 1468 videtur.-
724 1416 789 1468 Viri.
812 1417 897 1482 8036,
913 1417 997 1474 Thuri.
1236 1457 1239 1464 .

162 1499 226 1552 188.
240 1496 282 1548 En
295 1495 404 1548 Paridis.
423 1493 528 1546 Fabric.
539 1494 602 1546 Hem
616 1494 703 1547 Parid.
725 1506 752 1547 et
772 1491 865 1548 addit:
887 1521 898 1543 ι
909 1496 936 1548 in
954 1495 1011 1551 MS.
1029 1495 1072 1546 En
1086 1494 1185 1550 Paride

119 1578 218 1642 laertem,
233 1587 263 1627 nt
277 1574 310 1627 sit
329 1573 543 1628 demonstrantis.
559 1571 658 1626 Eadem
672 1573 701 1626 in
713 1573 816 1645 Hecyra
827 1575 945 1628 Terentii
958 1574 1111 1640 diversitas,
1121 1574 1185 1626 Hem

119 1657 209 1719 dunin
224 1653 271 1707 uhi
283 1654 440 1724 interpretes
453 1654 561 1724 legunt,
578 1653 620 1704 En
640 1653 718 1706 danie.
740 1653 808 1706 Mihi
829 1653 850 1706 ai
865 1652 1010 1711 (licendum
1028 1665 1081 1718 est,
1103 1653 1186 1726 magis

119 1737 243 1790 hocloco
262 1734 351 1805 placet
376 1731 552 1803 indignantis,
576 1751 655 1804 quam
674 1744 722 1785 ant
744 1731 893 1801 irridentis,
915 1749 960 1790 aut
981 1732 1187 1790 demonstrantis

119 1816 214 1868 oratio.
228 1843 269 1854 -·
280 1813 374 1864 Vulnus
384 1831 477 1882 gerens.
492 1811 549 1865 MS.
562 1811 648 1876 8032,
658 1813 751 1864 vultum
760 1831 853 1880 gerens.

162 1913 230 1965 199.
248 1891 277 1945 Si
294 1892 367 1944 aliter
387 1895 477 1963 nequit.
494 1891 535 1945 Ita
549 1891 678 1944 Commel.
696 1904 723 1944 et
736 1889 809 1945 editi.
826 1891 902 1948 MSS.
920 1912 1013 1948 omnes
1028 1915 1091 1952 cum
1103 1891 1184 1946 Grut.

119 1978 139 2026 si
152 1974 225 2028 aliud
231 1975 320 2044 nequit.
331 1971 394 2024 Duo
405 1970 529 2036 Palatini,
537 1973 635 2044 nequi,-
649 1971 701 2036 alii,
715 1975 799 2042 inquit.
984 1967 989 1976 '

161 2073 226 2110 aon.
240 2051 308 2104 Mors
319 2054 405 2102 misera
418 2071 465 2104 non
480 2061 529 2115 est,
542 2063 591 2104 eto.
601 2051 645 2108 Sin
655 2051 782 2103 vetustius
796 2050 868 2117 cuti,
883 2051 921 2105 sie
936 2052 1001 2108 Pall.
1017 2074 1185 2115 noremoum

119 2133 199 2190 Grut.
218 2131 304 2202 Raph.
324 2142 351 2183 et
370 2130 465 2202 Scalig.
481 2130 617 2183 Fabricius
630 2131 710 2183 nobis
723 2130 879 2196 invexerat,
902 2135 1057 2190 scommori
1077 2138 1187 2210 quicum

119 2213 203 2267 velis:
219 2238 231 2258 .
252 2210 385 2281 eleganter
398 2209 523 2282 quidem,
540 2210 560 2262 si
575 2211 674 2263 ferrent
690 2209 751 2264 cod.
768 2209 869 2280 scripti.
889 2207 935 2263 Ad
953 2211 979 2265 h.
1003 2215 1054 2268 loc.
1076 2218 1186 2290 Raphel.
1252 2199 1256 2210 .

123 2319 134 2338 ι
150 2293 266 2364 ingenue
279 2290 372 2356 fateor,
381 2289 483 2361 inquit,
498 2307 553 2341 non
565 2289 702 2360 intelligo:
717 2300 743 2341 et
756 2289 843 2342 minus
855 2293 897 2362 qui
908 2309 969 2354 cum,
986 2293 1059 2364 quod
1070 2314 1084 2348 a
1095 2296 1187 2352 Fabri.

120 2371 175 2438 rio;
199 2383 248 2424 aut
270 2389 384 2442 qteoenm,
404 2367 476 2440 quod
502 2369 534 2420 ab
560 2369 627 2422 Ant.
653 2368 754 2423 Delrio.
774 2368 840 2421 Fere
860 2369 990 2438 scribam,
1012 2400 1023 2420 ι
1036 2392 1108 2429 moin
1138 2377 1188 2430 mi.

119 2469 176 2505 sera
187 2469 243 2503 non
258 2463 296 2502 est
306 2467 388 2520 quum
403 2448 472 2500 mori
488 2466 548 2499 cum
560 2466 614 2519 quo
627 2466 650 2501 r.
661 2475 672 2494 ι
686 2449 764 2516 Quo,
782 2446 874 2516 idest,
889 2449 942 2502 alio
953 2489 961 2514 ,
971 2453 1113 2524 quopiam,
1134 2458 1187 2510 uij.

121 2543 184 2584 tate.
207 2527 254 2582 Ad
270 2529 342 2581 huuc
358 2545 463 2580 sensum
482 2525 526 2580 illa
540 2528 597 2598 ipsa
617 2545 693 2580 versu
706 2525 880 2597 praecedenti,
897 2555 941 2582 ι...
956 2530 1039 2600 perde
1050 2534 1188 2606 pereundo

119 2609 218 2662 vuum.
235 2634 246 2653 ι
260 2609 293 2660 Et
305 2605 412 2672 Medea,
427 2631 439 2654 ι
489 2607 593 2659 trahere
604 2645 612 2672 ,
625 2625 708 2678 quum
722 2625 828 2678 pereas,
842 2608 915 2660 libet.
927 2635 938 2654 ι
956 2607 1051 2666 Otnnia
1066 2615 1128 2668 item
1142 2616 1188 2670 ille

118 2689 147 2741 in
163 2687 273 2744 Troade
286 2687 399 2753 Chorus,
413 2688 488 2757 cujus
503 2684 627 2750 initium,
640 2687 717 2737 Dulce
732 2691 852 2752 moennti,
866 2700 936 2740 eto.»
952 2721 992 2732 —
1004 2691 1067 2746 vid.
1083 2694 1146 2750 Not.

161 2767 229 2823 203.
243 2765 306 2822 State
319 2771 437 2837 impetum.
451 2765 527 2828 MSS.
539 2765 593 2818 l'ere
605 2785 706 2828 omnes,
722 2769 779 2817 siste
793 2769 906 2836 impetus,
921 2767 994 2840 quod
1008 2773 1096 2826 sensui
1109 2775 1189 2830 mini.

118 2867 162 2902 me
177 2859 270 2901 nocet.
540 2851 544 2858 ’

160 2930 229 2980 206.
244 2927 282 2980 Et
300 2925 342 2977 diu
354 2926 432 2975 victos
447 2923 569 2994 Phrygas.
584 2922 660 2974 MSS.
679 2923 733 2975 lere
751 2923 873 2975 nonnulli
891 2943 950 2977 cum
967 2927 1055 2996 prima
1071 2929 1189 2988 editione

117 3007 187 3060 ducit
196 3007 285 3057 victui.
297 3005 333 3056 At
341 3001 467 3067 maledie
477 3021 536 3073 pro,
544 3000 649 3055 diutino
657 3000 738 3054 bello.
748 3002 857 3055 Tacitus
866 3003 959 3056 Germ.
970 3023 1029 3078 cap.
1044 3009 1078 3082 37
1092 3028 1099 3063 ε
1116 3023 1189 3070 utem

117 3086 167 3140 diu
181 3085 329 3141 Germania
339 3082 481 3136 vincitur.»
494 3082 581 3134 Dictio
592 3080 650 3134 heo
665 3082 770 3134 Senecae
781 3093 820 3134 est
831 3081 977 3136 admodum
989 3085 1134 3144 familiari..
1149 3093 1189 3146 De

119 3167 254 3220 clement.
270 3166 299 3227 1,
312 3182 361 3216 ro:
374 3163 417 3213 diu
430 3164 490 3213 mori
499 3158 568 3213 dixit
579 3180 643 3231 pro,
658 3161 731 3212 lenta
745 3173 831 3213 morte
846 3163 982 3230 consumi,
1001 3167 1115 3238 Epistol.
1132 3178 1167 3235 ²4
1181 3191 1189 3226 ε

122 3247 231 3299 «Tunc
245 3242 279 3296 ad
293 3243 365 3296 illam
382 3237 485 3308 (horam
499 3231 603 3307 mortis)
616 3239 803 3310 pervenimus,
816 3239 918 3296 reddin
932 3244 1084 3312 venimus,·
1105 3247 1133 3302 itl
1142 3264 1190 3318 eet,

119 3327 203 3379 lente.
218 3325 271 3393 Ep.
286 3323 322 3390 93
338 3340 345 3374 :
360 3345 371 3366 ι
380 3319 454 3386 Quid
464 3320 539 3372 illum
554 3320 688 3390 octoginta
699 3319 762 3372 anni
772 3322 881 3392 juvant,
894 3339 942 3392 per
953 3322 1075 3380 inertiam
1086 3331 1191 3384 exacti?

120 3405 184 3457 Nou
200 3404 268 3456 vixit
281 3403 342 3465 iste,
357 3399 402 3454 sed
414 3401 442 3451 in
458 3400 511 3451 rita
522 3412 639 3453 moratus
652 3411 704 3462 ent;
722 3417 771 3451 nec
785 3417 843 3452 aero
857 3413 980 3454 mortuus
993 3419 1044 3470 est,
1053 3406 1098 3459 sed
1109 3407 1187 3475 diu,-

124 3503 174 3539 ror
188 3505 195 3535 ε
216 3509 227 3531 ι
241 3479 315 3552 Quid
324 3493 411 3533 autem
422 3479 501 3550 hujus
513 3470 524 3546 (
535 3469 611 3547 vita)
622 3478 712 3532 virere
726 3483 784 3532 eat?
798 3477 845 3531 diu
858 3481 936 3534 mori.
953 3505 964 3528 ·
978 3482 1039 3537 Non
1056 3485 1191 3542 dissimili·

121 3578 163 3617 ter
174 3558 251 3635 apud
267 3560 395 3625 Statium,
405 3558 490 3611 Theb.
499 3559 555 3623 ΙΙΙ,
565 3577 602 3610 va.
620 3561 671 3644 167
686 3575 693 3610 :

424 3654 459 3699 lte
474 3653 514 3698 diu
531 3653 624 3698 fratres.
655 3647 683 3675 l'

121 3756 182 3810 Hoc
198 3767 254 3822 est,
266 3767 382 3823 semper,
399 3764 526 3804 eternum
544 3751 653 3815 iratres,
665 3762 694 3802 ut
706 3749 829 3803 Boethius
842 3753 961 3821 exponit.

164 3855 233 3906 2⁰7·
246 3832 364 3900 Huncsr.
378 3850 402 3884 u.
414 3851 436 3884 c.
447 3843 471 3882 et
478 3831 550 3899 sarto
564 3829 674 3902 aggredi.
689 3828 764 3883 MSS.
780 3849 873 3884 ornnes
885 3849 947 3885 num
961 3833 1092 3892 Commel.
1106 3853 1132 3896 et
1143 3842 1193 3896 Fa.

120 3916 190 3970 bric.
210 3941 222 3962 ·
234 3915 313 3965 Hunc
326 3913 358 3966 lr.
370 3930 397 3964 n.
408 3911 512 3963 conaris
526 3911 614 3963 insana
626 3908 743 3980 aggredi.
753 3936 764 3958 ι
784 3907 866 3980 Lipsii
882 3911 960 3978 liber,
971 3915 1039 3970 sicut
1053 3934 1141 3974 nostra
1156 3924 1195 3976 le·

119 3995 193 4062 ctio,
221 4020 232 4041 ι
243 3991 347 4046 conaris
368 4003 394 4044 et
414 3991 485 4044 lurto
509 3988 625 4062 aggredi.
639 4015 650 4037 ι
671 3989 742 4042 Vere
760 4000 785 4041 et
801 3989 949 4062 eleganter,
969 3996 1005 4050 ait
1019 3996 1107 4068 Lipa,
1125 4001 1197 4060 furta

121 4075 213 4139 enim,
232 4071 266 4125 de
280 4071 365 4124 lallnci
384 4070 478 4142 quovis
495 4082 522 4122 et
535 4068 669 4122 insidianti
681 4069 749 4122 lacto
759 4109 767 4134 ,
779 4069 878 4123 Latinis
892 4067 972 4126 dicta.

166 4153 235 4208 213.
252 4152 370 4204 Inmunis
379 4169 473 4222 gerens.
488 4148 612 4221 Plerique
625 4147 701 4203 MSS.
720 4151 826 4202 irnmiita
838 4168 932 4220 gereres.
