3042 5156
349 567 415 665 196
446 651 450 664 ⁸
632 565 671 632 L.
696 559 875 631 nuum
899 557 1111 628 seusun

391 693 506 761 Minor
524 685 586 756 sub
606 681 663 754 illo
682 681 779 752 turba
801 693 971 774 pastorum
994 676 1067 746 suit.

394 827 467 874 αι).
492 796 659 890 Eloquere
681 816 815 861 nomen.
834 813 906 859 seu.
926 788 1037 856 Prima
1056 786 1239 884 languescit
1256 815 1373 860 senum

299 913 302 920 Δ
396 910 578 993 Memoria,
600 904 702 998 longo
719 900 804 972 lassa
826 897 1004 969 sublabens
1025 898 1102 967 situ.

395 1047 470 1096 (un.
493 1022 636 1089 Potesne
652 1013 734 1082 sanie
752 1034 890 1096 noscere
906 1034 946 1078 ac
964 1006 1058 1078 vultu
1079 1009 1213 1079 virum?

398 1159 471 1206 ssu.
494 1135 648 1202 Fortasse
665 1149 809 1194 noscam.
824 1125 918 1216 Saepe
934 1119 1003 1213 jam
1022 1120 1129 1212 spatio
1149 1120 1304 1190 obrutam
1379 1147 1418 1185 n.

396 1242 492 1315 Levis
510 1234 672 1306 exoletam
692 1231 885 1302 memoriam
905 1243 1038 1298 revocat
1056 1244 1146 1298 nota.

398 1376 472 1425 αι).
498 1348 550 1418 Ad
568 1370 659 1416 sacra
679 1358 713 1414 et
730 1367 805 1412 aras
823 1365 923 1410 omne
941 1337 1151 1432 compulsum
1169 1365 1270 1434 pecus

397 1469 509 1540 Duces
530 1469 724 1551 sequantur.
744 1457 793 1524 lte
811 1475 970 1547 propere,
990 1451 1161 1534 arcessite,

399 1569 548 1649 Famuli,
565 1589 665 1662 penes
686 1588 771 1658 quos
789 1585 918 1630 summa
934 1560 1085 1628 consistit
1104 1583 1253 1656 gregum.

396 1707 468 1756 seu.
489 1681 564 1752 Sive
584 1677 649 1744 ista
666 1675 770 1757 ratio,
790 1673 859 1740 sive
881 1670 1016 1739 fortuna
1037 1669 1179 1756 occulit,
1385 1693 1422 1732 ns

403 1797 523 1864 Latere
540 1810 672 1880 semper
690 1797 820 1878 patere,
837 1780 927 1875 quod
946 1779 1042 1849 latuit
1061 1780 1127 1850 diu.

402 1909 496 1996 Saepe
514 1897 660 1968 eruentis
677 1895 797 1964 veritas
816 1893 927 1988 patuit
947 1890 1048 1962 malo.

403 2037 475 2086 mn.
501 2007 630 2080 Malum
649 2005 758 2075 timeri
778 2003 885 2097 majus
903 2001 955 2070 his
976 2000 1112 2096 aliquod
1131 2003 1264 2096 potest?

399 2225 466 2278 816.
487 2218 583 2282 Minor,
598 2213 682 2268 intell.
700 2211 811 2266 minoris
822 2229 869 2265 uu·
914 2209 991 2264 faciei
1003 2209 1092 2262 etoris
1103 2207 1427 2280 compositionem‚qtnm

359 2300 499 2360 ctoritetis.
914 2309 965 2362 pro
986 2289 1076 2341 lubitu
1093 2289 1212 2340 moribus
1225 2288 1307 2341 animi
1324 2306 1429 2342 accom-

400 2386 468 2450 ⁸¹7·
482 2379 563 2430 Prima
573 2373 591 2427 l.
598 2392 677 2426 senam
688 2374 808 2424 memoria.
818 2370 872 2423 Pro
917 2366 1334 2423 modamus.Aliarndilserentiam
1343 2367 1430 2422 Fron-

360 2485 392 2519 eo
405 2457 476 2533 quod
488 2456 573 2508 Plaut.
589 2453 639 2517 ait,
653 2448 733 2524 Epid.
743 2452 794 2515 IV,
808 2449 870 2515 r,8=
916 2463 944 2503 to
962 2447 1089 2512 tradidit,
1102 2449 1194 2500 rutrum
1206 2447 1347 2500 hominum
1365 2467 1430 2519 pro·

365 2571 377 2593 ·
393 2542 505 2606 ..longa
517 2533 580 2587 Dies
595 2550 683 2585 meum
694 2531 807 2583 incestat
818 2530 875 2582 rni-
917 2527 984 2602 pne,
1002 2547 1029 2579 or
1048 2527 1184 2594 omnium,
1200 2529 1291 2594 faciem
1307 2528 1430 2598 plurium

363 2638 446 2676 mum.
459 2643 470 2664 .
480 2611 613 2686 Proponit
622 2610 876 2680 Farnabius,rnpri·
917 2625 981 2662 esse.
996 2605 1085 2662 Dm.

363 2722 402 2755 ma
420 2699 488 2752 inter
506 2693 601 2758 animer
616 2690 748 2762 potentias
767 2687 875 2754 deficit,
958 2687 1023 2741 821.
1035 2689 1104 2740 Leve
1117 2699 1190 2752 nota,
1202 2687 1260 2741 leve
1269 2685 1417 2742 indicium.

365 2797 450 2855 quum
461 2772 617 2838 stasilium
625 2769 753 2826 continuo
761 2767 876 2832 deflexu,
960 2769 1026 2821 822.
1038 2766 1085 2820 Ad
1100 2787 1170 2819 sacra
1189 2779 1214 2819 et
1232 2786 1300 2820 arur.
1322 2766 1437 2820 Scilicet

366 2877 455 2918 rerum
478 2853 579 2928 species
603 2861 720 2922 nequeat
743 2847 878 2901 retinere?
920 2847 972 2902 tub
985 2859 1114 2917 pretextu
1125 2846 1256 2900 sacrificii.
1269 2845 1370 2900 Ethnc
1381 2848 1439 2902 elta

365 2961 400 2996 an
422 2940 501 3010 primo
526 2931 635 3004 quidem
662 2930 796 3001 objectum
822 2945 877 2981 non
921 2926 1118 2980 vooeenuntiot
1131 2925 1272 2997 OEdipus,
1285 2927 1440 2980 famulitia

365 3018 497 3094 agnoscit,
515 3025 605 3086 postea
623 3022 711 3063 sutem
731 3007 879 3062 reminisci·
921 3005 1020 3079 postica
1038 3017 1113 3077 parto
1130 3005 1226 3060 tlreatri
1239 3007 1382 3060 stantibus.
1395 3039 1442 3050 —

368 3113 426 3164 tur,
445 3109 475 3150 ut
488 3093 525 3148 ait
543 3111 580 3144 vs.
592 3091 656 3144 sao.
670 3121 707 3132 -
721 3088 879 3151 Nescimus,
925 3086 1092 3155 compulsum,
1104 3083 1180 3158 quod
1195 3085 1246 3158 ipsi
1264 3083 1348 3139 duces
1362 3105 1444 3140 com·

367 3198 427 3242 nos,
454 3194 487 3226 nn
505 3175 585 3243 prima
600 3171 712 3222 memoria
731 3187 810 3219 senum
830 3165 881 3232 rit,
924 3165 1034 3237 pellent.

372 3287 384 3308 ι
395 3253 468 3331 quod
477 3253 610 3326 primum,
621 3247 695 3322 quod
707 3268 721 3300 u
731 3245 881 3318 longinquo
966 3243 1032 3298 823.
1048 3245 1143 3310 Duces,
1163 3241 1305 3315 pecudum.
1326 3275 1370 3289 --
1389 3247 1449 3299 Ar.

369 3353 490 3408 tempore
501 3341 668 3402 acceperunt.
683 3353 694 3374 ι
925 3327 1021 3388 oessite,
1035 3325 1119 3396 junge
1134 3342 1208 3385 cum,
1228 3345 1300 3395 penes
1319 3345 1399 3396 quos,
1416 3329 1448 3380 in

342 3473 343 3476 Ἴ
411 3410 637 3474 818.Sttu,oero.
654 3409 706 3460 Pro
718 3427 769 3458 oero
781 3403 883 3458 scilicet
926 3421 963 3456 vs.
988 3404 1117 3476 sequenti.
1141 3404 1227 3458 Scilir.
1244 3405 1316 3456 «Vos
1328 3405 1452 3468 famuli,

371 3487 702 3566 sumit,quod1ierisolet
719 3487 829 3538 ehaero.
926 3483 1049 3536 arcessite
1061 3501 1105 3536 eos
1117 3502 1197 3554 penes
1211 3503 1287 3556 quos,
1299 3497 1370 3540 ete.»
1388 3487 1455 3538 Ali-

414 3581 479 3644 8¹9·
493 3574 569 3626 Facie
579 3589 608 3622 ac
622 3567 701 3621 vultu.
713 3565 886 3635 Distinguun·
928 3571 969 3616 ter
980 3563 1104 3635 iutelligit
1117 3564 1229 3618 Farnob.
1241 3577 1268 3616 et
1277 3563 1337 3616 vult
1348 3565 1455 3618 Famu-

374 3671 419 3710 tur
433 3653 510 3707 iacies
525 3663 551 3703 et
570 3649 666 3703 vultus.
682 3645 788 3700 Sallust.
805 3644 881 3698 Catil.
929 3643 965 3694 los
978 3661 1032 3696 esse
1042 3643 1174 3697 bubulcos
1187 3657 1213 3696 et
1228 3657 1348 3716 pastores
1361 3643 1459 3714 ipsos.

374 3738 437 3800 XV,
454 3735 480 3786 in
494 3733 539 3784 lin.
559 3755 570 3778 ι
585 3745 693 3800 prorsus
706 3726 732 3777 in
744 3725 814 3794 socie
826 3724 883 3775 oul-
970 3719 1035 3777 825.
1049 3725 1114 3789 Iste,
1131 3724 1200 3778 hano
1214 3737 1287 3776 tunm
1298 3724 1460 3794 originem.

376 3831 447 3888 tuque
473 3808 596 3864 vecordia
625 3808 743 3859 inerat·
770 3804 884 3856 Vultum
970 3805 1036 3872 827.
1062 3801 1132 3875 Soepe
1151 3807 1267 3869 eruentis,
1290 3816 1343 3857 etc.
1366 3803 1466 3860 Ordo

373 3899 473 3967 fingere
487 3907 641 3962 possumus,
654 3885 747 3938 faciem
759 3902 813 3935 non
825 3901 885 3953 pos·
928 3895 982 3950 est:
1000 3908 1011 3931 ι
1024 3902 1091 3954 saepe
1102 3882 1195 3936 veritas
1205 3895 1258 3954 pat.
1269 3881 1341 3936 malo
1351 3903 1469 3938 ermen-

375 3967 606 4032 sumus.Nonius:
628 3964 732 4016 «vultus
745 3974 783 4014 est
792 3963 884 4015 solun·
930 3961 994 4015 tia·
1014 3961 1048 4016 Et
1072 3963 1149 4028 malo,
1175 3963 1293 4034 explica,
1322 3963 1381 4016 «in
1410 3965 1469 4020 da.

374 4071 429 4122 tas,
449 4067 508 4124 que
521 4067 570 4120 pro
588 4057 661 4098 motu
678 4043 759 4096 animi
776 4041 804 4094 in
818 4041 884 4095 facie
928 4042 1063 4106 mnum‚in
1073 4042 1215 4112 perniciem
1224 4045 1281 4114 ejus
1289 4043 1338 4114 qui
1345 4047 1468 4100 eruit..

374 4131 530 4190 ostenditur.
547 4125 652 4189 Facies,
673 4123 729 4193 ipsa
756 4121 811 4174 ori·
829 4140 887 4193 spe·
971 4121 1353 4192 828.Majustis.1²arricidio
1368 4138 1406 4178 et
1419 4127 1475 4180 in·

375 4217 455 4269 eim.-
471 4205 621 4280 Significat,
635 4203 738 4256 vultum
747 4201 820 4256 illam
831 4219 886 4254 esse
930 4213 1010 4254 cesto.
