3042 5156
345 585 351 604 “
400 569 633 639 OEDlPUS.
661 571 773 640 ACT.
802 575 868 640 lll.
1099 602 1164 674 ¹79

146 693 214 760 Nec
232 715 309 759 vere
330 689 428 760 llores
445 690 553 786 Hybla
570 706 621 761 tot
637 692 749 762 medio
768 711 876 782 creat,
950 709 961 730 ‘
1012 775 1014 778 .

147 803 261 891 Quum
284 823 423 870 examen
439 799 508 870 alto
525 803 671 872 nectitur
692 803 832 874 densum
851 804 970 900 glob03

146 910 348 1006 Fluctusque
365 935 435 980 non
453 924 505 980 tot
521 911 647 1010 frangit
664 915 803 984 Ionium
815 941 925 1004 mare3

146 1024 214 1092 Nec
230 1035 344 1109 tanta,
362 1019 463 1116 gelidi
481 1025 667 1117 Strymonis
685 1023 815 1120 fugiens
831 1027 952 1114 minas,

148 1134 319 1202 Permutat
334 1130 460 1201 hiemes
476 1131 562 1216 alea,
584 1148 620 1204 et
640 1133 757 1204 caelum
776 1159 890 1206 secans
1126 1159 1166 1199 σοῦ

148 1244 294 1336 Tepente
311 1239 390 1314 Nilo
407 1257 525 1336 pensat
543 1247 683 1314 Arctoas
703 1245 812 1332 nives,

148 1352 242 1440 Quot
259 1349 318 1421 ille
335 1350 481 1447 populos
499 1353 583 1424 vatis
604 1351 719 1424 eduxit
740 1377 851 1424 annua.

147 1461 276 1532 Pavidae
298 1461 443 1533 latebras
460 1465 607 1534 nemoris
626 1466 774 1536 umbrosi
792 1480 913 1561 petunt

145 1573 273 1642 Animae
296 1587 485 1644 trementes.
506 1575 639 1644 Primus
660 1575 801 1668 emergit
820 1574 908 1662 solo,

145 1683 272 1752 Dextra
293 1685 435 1754 ferocem
454 1686 611 1755 cornibus
630 1701 762 1756 taurum
779 1711 935 1782 premens
1126 1710 1164 1748 σω

144 1793 286 1880 Zethus3
307 1819 476 1890 manuque
494 1797 661 1866 sustinens
677 1795 758 1866 loeva
775 1793 911 1892 chelyn,

145 1904 214 1993 Qui
232 1927 311 1972 saxa
327 1901 416 1973 dulci
434 1907 555 1993 traxit,
574 1908 760 2002 Amphion,
783 1933 876 1978 sono.

143 2015 301 2110 Interque
321 2027 417 2084 natos
437 2015 585 2086 Tantalis
605 2018 739 2087 tandem
761 2041 837 2088 suos

137 2215 305 2289 oonrlytta.
315 2215 396 2272 Mona
407 2216 503 2274 Sicilie
513 2220 606 2292 thymo
652 2218 734 2272 dicitis
750 2231 891 2290 aspectum.
911 2219 956 2272 Sic
973 2220 1080 2273 Hercul.
1099 2219 1160 2276 Fur.

100 2306 124 2346 et
141 2295 266 2350 salicibus
280 2295 432 2360 abundans,
445 2299 540 2371 apibus
559 2301 607 2353 ita·
651 2317 690 2353 va.
712 2300 784 2367 ²⁹³²
804 2325 816 2348 ι
829 2299 960 2370 Lucisque
973 2297 1088 2370 pavidos
1104 2315 1163 2354 ante

102 2392 147 2442 qne
159 2375 267 2430 nobilia.
279 2408 320 2420 -
337 2378 397 2442 Tot,
407 2391 474 2449 quot
485 2378 532 2432 illc
540 2379 606 2437 edu·
651 2390 677 2432 te
694 2379 809 2449 populos
826 2397 884 2449 age.
895 2404 906 2426 ι

101 2454 135 2506 ait
148 2457 278 2526 populos,
291 2456 377 2520 intm,
390 2475 428 2510 vs.
443 2459 506 2528 607.
573 2519 578 2529 ι
678 2462 758 2530 yfiro.
780 2458 875 2510 Dextra
889 2459 997 2526 ferocem
1016 2479 1081 2512 carn.
1098 2471 1161 2513 taur.

136 2538 196 2588 θοι.
221 2536 303 2604 (tum
325 2555 439 2602 examen,
459 2550 510 2592 etc.
531 2535 606 2606 Ordo
646 2556 688 2606 pr.
700 2539 804 2590 Zetluu.
816 2533 948 2606 Historia,
962 2557 1009 2591 aen
1022 2539 1112 2610 potina
1128 2540 1163 2592 la·

100 2625 148 2680 ast,
159 2633 266 2686 uquum
277 2633 389 2668 eumen
401 2614 511 2670 derasum
524 2616 607 2672 necti·
650 2617 716 2670 bala
738 2616 771 2669 de
794 2615 879 2670 Zetho
904 2630 930 2672 at
953 2616 987 2672 de
1005 2618 1161 2690 Amphione
1207 2631 1210 2640 ’

98 2703 137 2744 tar
154 2693 209 2746 alto
221 2695 313 2764 globo.
325 2721 337 2742 ι
353 2694 388 2748 Ει
409 2697 461 2746 alto
478 2696 552 2765 globo
567 2709 606 2750 eat
649 2696 707 2750 luae
722 2693 866 2750 admodum
889 2711 1013 2752 narratur
1032 2696 1066 2750 ad
1085 2711 1161 2752 notae

99 2769 226 2842 carpetas,
247 2792 352 2844 quum,
375 2774 403 2826 in
421 2793 526 2828 morem
547 2793 606 2832 urar
649 2793 688 2828 va.
704 2782 770 2844 916,
784 2774 1059 2831 fleterna-..1100
1067 2790 1159 2832 autern

94 2854 273 2922 conglobata,
285 2870 360 2906 ramo
373 2851 534 2926 dependent.
649 2855 710 2908 loco
721 2854 820 2907 Zethus
828 2853 963 2908 inducitur
972 2873 1096 2924 premens
1105 2870 1160 2914 tau-

134 2932 198 2986 603.
215 2932 366 3005 Flractaasque
385 2953 432 2988 aaa
453 2946 489 2986 tot
502 2935 605 3004 frangit
650 2953 710 2988 rum
722 2934 861 3000 cornibus,
875 2951 920 2986 seu
933 2947 963 2988 ut
975 2933 1108 2987 alludatur
1126 2935 1159 2988 ad

94 3009 185 3064 Ionian
200 3032 276 3064 mura.
298 3011 442 3082 Singularis
454 3013 550 3068 modus
565 3016 606 3068 lo·
651 3027 757 3066 taurum
767 3014 844 3083 cujus
855 3011 948 3067 caudae
957 3013 1053 3066 Zethus
1072 3014 1160 3086 alliga-

93 3091 205 3158 qacndi‚
222 3110 274 3162 pro
288 3113 295 3142 :
309 3110 359 3146 nec
375 3104 414 3146 tot
425 3092 521 3146 fluctus
532 3093 606 3147 lran·
648 3092 889 3163 ritDirccn,Lyci
901 3111 1011 3146 uxorem
1027 3089 1093 3156 (vid.
1107 3095 1159 3150 loc.

92 3184 199 3239 guntur,
218 3172 271 3224 sihi
287 3171 402 3226 invicem
414 3171 564 3230 allidantur
575 3173 603 3226 in
649 3169 714 3236 cit.)
724 3209 733 3236 ‚
742 3191 788 3228 teu
797 3171 888 3241 potins
910 3185 941 3226 nt
957 3186 1161 3244 repansmtetur

92 3252 157 3302 mari
168 3252 260 3305 Ionio.
649 3251 754 3308 habitur
769 3251 896 3306 silvestria
914 3265 941 3305 et
958 3252 1032 3306 ferox
1044 3252 1160 3307 hominia

130 3334 197 3394 604.
210 3331 265 3384 Nee
276 3341 346 3384 tanta
354 3331 476 3396 ales‚nec
487 3343 526 3386 tot
532 3351 602 3388 aves.
649 3333 740 3398 vitam,
749 3331 813 3386 duna
828 3331 942 3396 virebat,
954 3330 1074 3403 degentia
1085 3351 1161 3403 agre-

88 3441 126 3452 -
137 3410 238 3475 Μὶπω,
247 3409 523 3480 frigoramiuacia.-
534 3411 605 3484 Stry·
649 3425 715 3464 stem
730 3425 756 3465 et
768 3412 913 3464 venaticam
927 3401 1025 3480 (ibid).

88 3495 180 3554 mark,
193 3489 280 3556 ,fluvii
296 3488 480 3544 Macedoniam
492 3509 507 3544 a
520 3492 605 3546 Thra·
691 3487 964 3561 oznAmpttmvid.
976 3490 1084 3547 Hercul.
1097 3491 1161 3547 Fur.

87 3567 124 3619 tia
145 3566 305 3626 dividentia.
649 3569 683 3624 ad
696 3571 785 3624 locum
794 3589 874 3640 supra
885 3570 1006 3636 citatum,
1016 3583 1042 3624 et
1053 3571 1161 3643 insuper

124 3652 192 3702 605.
212 3648 341 3700 Permutat
359 3650 454 3716 laieaaes,
470 3668 549 3722 supp.
561 3669 604 3704 res
649 3650 678 3702 iu
692 3649 785 3704 eodem
798 3648 876 3702 llere.
890 3649 954 3701 Fur.
968 3669 1007 3704 vs.
1022 3655 1087 3704 ada.

85 3727 212 3794 annuus
225 3729 310 3800 magis
319 3729 424 3798 apricis.
689 3729 757 3783 613.
776 3729 903 3796 Tantam,
927 3729 1031 3790 Niobe,
1054 3729 1157 3784 Tantali

121 3811 192 3860 606.
203 3807 312 3872 Pereat,
322 3809 444 3864 alternat.
648 3807 712 3862 filia.
726 3839 767 3852 -
784 3809 852 3860 Inter
868 3820 938 3860 natos
954 3827 1017 3862 aaran
1032 3809 1106 3863 Nihil
1118 3809 1158 3862 di·

121 3891 193 3956 ⁶⁰7·
207 3887 257 3938 ltu
268 3907 355 3950 roam,
375 3888 422 3941 illa
442 3888 604 3954 incantatio,
648 3906 707 3942 cere
724 3889 768 3941 hic
789 3888 936 3959 possimus,
957 3887 1031 3958 qatod
1047 3906 1100 3940 non
1117 3889 1159 3940 iu·

83 3983 118 4020 ra.
135 3968 210 4022 568.
233 3999 272 4008 -
287 3967 409 4038 Populos,
426 3969 533 4022 umbras
554 3987 603 4040 po·
649 3968 735 4022 veniat
744 3968 828 4021 lector
837 3966 872 4021 ad
884 3966 961 4020 Herc
972 3967 1034 4020 Fur.
1049 3985 1075 4020 r.
1089 3965 1160 4033 390,

82 4047 234 4112 pulcrum.
250 4048 382 4118 praecipue
402 4047 600 4102 Thebanorum.
647 4060 705 4100 not.
720 4047 766 4099 ubi
780 4048 862 4101 multa
873 4046 906 4098 de
920 4046 1006 4098 Niobe
1020 4059 1045 4098 et
1061 4047 1116 4115 ejus
1129 4045 1158 4096 li-

119 4128 191 4180 608.
209 4125 322 4178 Pavido.
331 4125 395 4180 vid.
409 4127 549 4182 Animadr.
562 4161 602 4171 -
647 4127 697 4180 liis.
710 4127 859 4179 *Tandem
872 4138 939 4186 tuto,·
950 4143 1005 4178 nou
1015 4127 1068 4195 jam
1081 4124 1160 4194 Apol·

83 4205 246 4270 Tmaros,
261 4203 295 4258 ad
308 4205 443 4260 insolitam
457 4207 524 4262 lucia
535 4207 602 4264 riri-
646 4207 708 4262 linia
721 4219 747 4258 et
757 4207 849 4260 Dianae
860 4207 927 4258 iram
940 4203 990 4258 eibi
1003 4203 1161 4258 ctnutiarc·
1247 4201 1256 4216 ⁸

972 4317 1031 4378 12²
