3124 5162
448 513 643 586 nanas.
678 513 790 584 ser.
806 515 882 606 51v.
1124 519 1195 603 aaa

183 643 227 708 Et
239 637 349 709 Chaos
362 659 503 723 cacum,
513 649 615 730 atque
627 657 765 728 opacam
775 635 864 706 Ditis
879 637 1027 708 umbrosi
1041 638 1197 730 domum,

183 747 312 816 Tartari
333 745 413 839 ripis
432 743 550 840 ligatos
567 741 725 842 squalidae
744 745 864 816 Mortis
879 769 1015 840 specus,

184 852 378 948 Suppliciis,
393 855 527 938 animae,
540 853 683 922 remissis
701 853 825 924 currite
844 854 886 924 ad
905 853 1067 928 thalamos
1081 883 1194 932 noros.

182 967 269 1033 Rota
287 957 418 1032 resistat
434 962 585 1034 membra
603 976 763 1058 torquens
777 989 786 1050 3
802 977 919 1060 tangat
932 967 1029 1038 Ixion
1042 968 1194 1040 humum.

183 1069 342 1142 Tantalus
360 1096 496 1142 securus
514 1071 621 1144 undas
640 1073 774 1144 hauriat
793 1075 977 1146 Pirenidas.
1158 1100 1196 1153 ,as

186 1181 329 1252 Gravior
347 1183 405 1250 uni
423 1207 522 1276 poena
539 1181 649 1252 sedeat
667 1183 820 1277 conjugis
838 1210 953 1255 socero
970 1189 1058 1257 mei:

184 1291 349 1361 Lubricus
364 1316 426 1385 per
440 1315 517 1360 saxa
537 1307 626 1361 retro
646 1293 824 1388 Sisyphum
840 1293 946 1364 solvat
965 1293 1059 1390 lapis.

185 1405 255 1470 Vos
268 1424 418 1494 (proque,
432 1402 524 1470 urnis
541 1426 623 1495 quas
639 1401 754 1472 foratis
767 1403 882 1473 irritus
897 1403 982 1473 ludit
994 1403 1101 1492 labor,

180 1508 363 1598 Danaides,
378 1511 483 1598 coite3
497 1525 621 1582 vestras
639 1511 693 1582 hio
712 1511 781 1602 dies
797 1513 915 1606 quaerit
935 1539 1063 1584 manus.

183 1623 284 1694 Nunc
303 1620 384 1689 meis
401 1633 520 1692 vocata
541 1620 660 1706 sacris,
679 1620 828 1690 noctium
847 1621 958 1708 sidus,
973 1625 1067 1711 veni,
1159 1651 1198 1704 ⁷⁵⁰

185 1729 347 1800 Pessimus
366 1728 482 1798 induta
501 1728 631 1816 vultus,
650 1728 761 1798 fronte
779 1755 846 1799 non
866 1755 933 1801 una
950 1732 1075 1804 minax.

233 1839 309 1908 Tibi
327 1864 420 1908 more
436 1839 542 1934 gentis
559 1837 694 1910 vinculo
709 1835 838 1910 solvens
856 1864 1001 1927 comam,

134 1971 265 2030 fortunat
274 1967 469 2042 dithyrambica
477 1988 561 2036 more,
572 1970 645 2023 vario
687 1970 793 2040 gravior
803 1969 909 2025 Tantali
919 1971 1061 2044 supplicio.
1073 1971 1199 2028 ...Vide
1224 1977 1227 1982 '

134 2049 644 2122 mominisgenereabutitur.-Valgas.
690 2049 831 2102 Animadr.

134 2129 260 2194 Animas,
272 2145 368 2180 manes.
383 2158 423 2172 -
435 2127 542 2181 Ferales.
554 2128 646 2181 Pluto·
730 2136 795 2199 747.
811 2129 938 2199 Sisyphum
951 2131 1036 2183 solvat.
1049 2129 1081 2182 Id
1094 2143 1149 2195 est,
1161 2129 1200 2184 di·

132 2227 198 2262 nem
214 2221 241 2260 et
258 2207 452 2278 Proserpinam.
467 2207 565 2278 Virgil.
584 2211 645 2262 AEn.
689 2207 776 2261 mittat
789 2208 822 2261 ab
835 2208 907 2262 inani
919 2209 1019 2262 labore.
1030 2209 1112 2274 Quod
1124 2211 1200 2264 aliter

131 2287 186 2351 VI,
196 2293 252 2352 aas
261 2302 270 2339 τ
280 2314 292 2334 ι
300 2285 344 2339 Dii
354 2287 450 2357 quibus
458 2286 601 2356 imperinm
609 2300 647 2339 ost
690 2287 752 2353 alii,
766 2306 815 2358 pro
830 2285 950 2340 dissimlli
962 2289 1094 2354 lectione,
1111 2289 1199 2355 volvat,

131 2367 299 2430 animarum,
313 2367 467 2438 umbraque
482 2368 600 2431 silentes,
611 2367 648 2419 Et
690 2366 903 2436 interpretantur.
909 2365 975 2419 Vid.
987 2365 1127 2421 Animadv.

129 2445 240 2510 Chaos,
257 2457 328 2498 eto·
732 2447 798 2515 748.
813 2445 901 2510 Ludit,
921 2445 1003 2511 l'allit,
1022 2445 1136 2517 decipit,
1157 2447 1200 2502 iu·

175 2533 243 2596 7⁴¹·
258 2524 348 2578 Chaos.
365 2523 429 2593 Sup.
443 2541 483 2576 vs.
501 2543 527 2593 9.
690 2542 790 2577 cassum
807 2537 917 2579 exercet.

175 2607 245 2674 7⁴²·
257 2603 358 2656 Tartari
367 2605 434 2673 rs'pis.
442 2601 569 2674 Hippus.
580 2605 646 2667 861.
732 2611 799 2674 749.
810 2605 951 2668 Derasidas,
963 2602 1077 2658 Belides.
1089 2605 1198 2658 Hercul.

129 2715 173 2724 -—
193 2683 283 2736 Mortis
304 2701 402 2754 sparus,
421 2674 598 2735 circumdatos
620 2695 647 2735 et
691 2683 755 2736 Fur.
769 2701 805 2736 vs.
823 2683 874 2737 500
891 2694 917 2735 et
933 2685 1052 2754 757.-
1066 2683 1201 2748 Coite,ad

128 2761 336 2834 quodammodo
350 2761 465 2814 inclusos
478 2762 543 2832 ripis
553 2761 647 2814 Tarta·
690 2763 737 2814 bas
751 2762 858 2833 nuptias
872 2763 1022 2815 eonvenite.
1038 2788 1079 2798 -
1090 2765 1201 2818 Vestras.

126 2843 171 2904 ri,
189 2843 245 2894 hor
257 2855 310 2906 est,
321 2841 486 2893 infernorum
496 2841 646 2894 fluminum.
665 2839 667 2846 '
690 2841 730 2893 Ut
745 2853 831 2894 restro
845 2841 966 2911 exemplo
979 2854 1062 2913 nupta
1075 2842 1201 2896 maritum

124 2921 174 2974 Sic
187 2921 288 2990 Virgil.
302 2920 401 2990 Georg.
411 2921 462 2983 IV,
472 2939 511 2972 vs.
523 2921 578 2989 478
588 2937 646 2990 sqq.
691 2919 779 2990 prima
793 2933 870 2972 noete
884 2919 1032 2972 interliciat.
1288 2915 1292 2924 ’

129 3025 141 3047 ι
152 3002 238 3067 Quos
245 3000 344 3052 circum
354 2999 432 3052 limos
442 2997 649 3068 nigenetdefor·
733 2999 799 3070 750.
812 2998 925 3051 Noctium
938 2997 1013 3050 sidus.
1025 2999 1108 3051 Luna.
1119 3001 1201 3067 Νυχὶα

122 3081 181 3132 anis
198 3077 305 3132 arundo
320 3079 415 3152 Cocyti
429 3075 557 3148 tardaque
573 3077 649 3148 palus
692 3076 762 3130 dicta
775 3076 832 3140 aaa,
849 3079 892 3129 cui
909 3075 982 3147 quod
998 3090 1077 3129 nocte
1096 3078 1201 3144 luceat,

120 3157 286 3212 inamabilis
296 3156 366 3210 unda
378 3158 475 3227 Alligat
482 3196 490 3222 ,
501 3169 552 3210 etc.
564 3181 576 3206 a
692 3170 773 3210 noctu
784 3155 887 3222 litatum
903 3168 953 3234 aut¹
961 3155 1035 3226 quod
1048 3157 1141 3210 inferis
1151 3177 1204 3212 ma·

167 3237 246 3308 743.
262 3237 391 3291 Thalamos
404 3255 491 3301 novos,
503 3235 609 3308 Jssonis
622 3247 650 3288 et
692 3237 761 3289 xime
775 3251 802 3288 et
814 3236 937 3307 proxime
949 3232 1112 3291 dominetur.

118 3319 253 3371 Creusae.
734 3315 799 3385 751.
816 3315 943 3368 Pessinos.
958 3313 1068 3387 llippol.
1085 3335 1122 3368 vs.
1136 3324 1203 3382 dra,

50 3433 57 3451 .
116 3409 122 3416 ·
166 3395 326 3466 7441lota
342 3399 446 3447 resistat.
464 3393 570 3448 Hercul.
584 3392 648 3446 Fur.
693 3407 719 3446 et
734 3395 833 3447 infirs.
850 3395 967 3466 787.-
982 3393 1074 3448 Fronte
1083 3415 1130 3448 non
1144 3416 1201 3449 una.

117 3495 162 3529 vs.
175 3475 254 3545 750,
267 3473 410 3543 etThy'est.
420 3491 458 3527 rs.
472 3473 650 3527 rba-Tan·
692 3471 755 3526 Scil.
769 3473 880 3544 triplici,
889 3487 919 3528 ut
929 3474 1040 3528 Hecates
1049 3475 1137 3530 vultos
1147 3493 1204 3530 esse

113 3567 169 3626 gat
183 3555 271 3607 Ixion·
281 3553 451 3606 humandam
462 3571 518 3604 non
532 3569 582 3622 per
592 3551 650 3604 ina·
692 3551 814 3626 lingitur.

114 3637 168 3688 nia
185 3633 263 3687 aeris
277 3632 392 3686 volutus.
734 3631 789 3698 7⁵²
811 3649 850 3704 sq.
871 3631 931 3684 Tibi
952 3651 1016 3684 mors
1036 3635 1132 3702 gentis,
1155 3645 1204 3688 etc.

165 3711 246 3785 7⁴⁵·
256 3711 371 3771 Securus,
381 3729 436 3764 non
448 3709 584 3780 deceptus,
594 3727 649 3760 non
692 3709 756 3762 Tibi
771 3707 825 3761 ritu
841 3710 980 3764 nocturnis
994 3711 1153 3783 magicisque
1166 3731 1207 3765 sa-

113 3789 240 3849 frustra·
249 3803 366 3862 captans.
375 3823 417 3834 -
426 3789 564 3843 Phasidos.
575 3787 649 3840 Pire-
694 3789 747 3841 cris
764 3789 1095 3861 operantium,peragrasi
1109 3805 1206 3845 secreta

112 3895 169 3930 nes
187 3872 281 3926 fontis
297 3887 380 3941 prope
394 3869 565 3932 Corinthum,
578 3885 593 3919 e
605 3867 651 3919 Pi·
692 3867 752 3920 loca
768 3868 997 3934 :vesterecinctm
1009 3868 1086 3922 Nuda
1095 3868 1206 3940 pedem,

111 3971 208 4009 renes
242 3950 370 4022 nymphae
396 3947 513 4002 lacrimis
538 3957 651 4018 propter
694 3944 936 4014 nudosbumaros,
951 3946 1047 4000 diflusa
1063 3949 1202 4018 capillos..

110 4036 243 4090 obitum
257 4028 308 4082 lilii
320 4029 467 4082 Cencbrira.
695 4025 824 4079 solebant
847 4045 928 4098 magu
948 4025 1027 4080 nudis
1049 4025 1161 4097 pedibus
1181 4041 1207 4081 et

160 4113 246 4184 746.
272 4108 379 4162 crarta
402 4109 458 4172 aaut,
486 4118 535 4159 etc.
560 4103 656 4157 Sensus
699 4122 776 4176 passo
798 4105 894 4176 capillo
915 4123 987 4159 sacra
1007 4124 1053 4158 soa
1074 4122 1208 4177 peragere.

109 4207 175 4250 αις
193 4217 209 4240 ι
221 4187 374 4242 Creontem
380 4200 484 4242 manem
493 4183 656 4258 poeualonge
700 4183 777 4257 Apud
786 4185 864 4258 virg.
875 4187 937 4240 En.
949 4183 998 4247 IV,
1012 4184 1120 4254 magicis
1131 4186 1210 4241 moris
