3116 5172
367 473 576 542 FABULAE
600 473 1025 549 AGAMEMNONIAE.
1092 487 1093 492 ’
1157 468 1227 543 535

284 597 344 650 Des
362 607 459 652 autres
480 594 624 668 animaux,
643 597 765 656 estendu
780 617 831 656 sur
850 601 877 654 la
891 596 991 674 place,

284 693 329 750 De
342 691 370 749 ln
388 691 455 750 fiere
471 691 608 768 lyonnea
628 695 748 754 ressenti
761 694 910 765 l’audace,
925 705 979 752 etc.

215 842 314 908 Anno
332 840 441 925 1680,
453 843 837 940 quumsplendidissimo
850 845 977 914 lumine
989 844 1128 915 micaret
1144 844 1230 912 inter

166 977 282 1022 omnes
304 954 395 1024 sidus
418 958 660 1045 Racinianum,
680 961 792 1031 Abbas
805 964 932 1054 Boyer,
957 983 1023 1027 non
1042 955 1143 1026 semel
1162 961 1230 1026 Ra·

166 1068 245 1136 cinii
261 1069 555 1164 epigrammatibus
572 1075 762 1170 impetitus,
779 1073 993 1170 tragoediam,
1011 1073 1072 1142 sub
1092 1075 1232 1166 Agame·
1344 1075 1347 1082 ’

165 1183 299 1252 mnonis
309 1182 407 1254 titulo
414 1185 530 1275 edidit,
542 1211 609 1256 non
620 1213 691 1276 suo,
706 1190 762 1260 sed
771 1188 937 1259 commodi
950 1187 1123 1282 cujusdam
1134 1187 1232 1255 amici

165 1303 320 1390 nomine,
337 1301 463 1373 Poder
480 1305 659 1378 d'Alezan
668 1362 680 1394 ,
696 1307 903 1402 inscriptam.
920 1308 969 1376 Ut
985 1307 1132 1401 primum
1155 1305 1232 1374 satis
1281 1344 1283 1348 »
1357 1364 1363 1376 ,

166 1416 306 1488 feliciter
319 1434 454 1515 accepta
472 1421 553 1508 fuit,
572 1424 618 1494 ita
637 1425 763 1518 pridie,
776 1424 905 1493 detecto
918 1448 978 1516 per
995 1447 1030 1492 se
1048 1424 1157 1517 ipsum
1171 1446 1234 1490 au·

165 1545 258 1601 ctore
271 1531 337 1628 (1),
351 1535 500 1602 omnium
518 1535 765 1631 sibilo'explosa
783 1535 941 1606 concidit.

214 1649 315 1716 Suam
333 1651 451 1742 Boyer
467 1674 575 1743 neque
594 1675 634 1720 ex
651 1649 828 1746 AEschylo,
853 1673 961 1744 neque
979 1673 998 1719 e
1018 1652 1142 1720 Seneca
1164 1662 1233 1718 tra·

166 1761 308 1856 goediam
329 1777 501 1833 mutuatus
518 1779 591 1851 est;
612 1790 728 1835 verum
756 1766 868 1834 omnia
898 1789 1004 1861 prope
1032 1789 1073 1832 ex
1097 1761 1234 1832 cerebro

165 1877 349 1972 depromsit
368 1903 439 1948 suo.
458 1879 592 1950 Scilicet
613 1881 710 1976 fingit
725 1883 878 1952 Orestem
897 1871 966 1949 non
981 1880 1051 1972 jam
1067 1902 1232 1973 puerum,

164 2017 278 2061 verum
292 2016 458 2086 egressum
473 2020 514 2063 ex
529 1996 676 2091 ephebis,
690 1997 925 2090 perditumque
937 1991 1133 2066 Cassandrae
1145 2017 1233 2061 ama·

165 2121 270 2176 torem
282 2131 292 2190 ;
306 2132 406 2201 quam
427 2110 552 2204 pariter
568 2110 698 2206 deperit
715 2117 964 2206 Agamemnon,
977 2108 1155 2178 meditatus
1174 2133 1233 2174 no-

165 2247 244 2291 vum
257 2246 335 2290 cum
349 2221 405 2291 illa
414 2225 488 2318 conj
494 2225 626 2320 ugium,
640 2241 674 2294 et
687 2223 761 2294 ideo
772 2222 1030 2319 Clytaemnestrae
1041 2221 1231 2317 repudium.

165 2336 335 2432 AEgisthus
357 2363 424 2407 non
448 2340 600 2434 procedit
622 2340 657 2408 in
683 2365 838 2428 scenam,
862 2365 924 2410 nec
955 2340 1067 2430 minus
1095 2337 1233 2406 insidias

164 2453 280 2537 struit,
300 2451 545 2547 obtruncatque
559 2458 855 2548 Agamemnonem.

214 2567 315 2657 Quod
333 2583 382 2638 est
400 2567 441 2637 de
459 2567 592 2638 dicendi
610 2593 750 2664 genere,
774 2555 934 2663 languido
953 2565 1152 2663 plerumque
1170 2591 1233 2635 nec

164 2680 235 2751 ullo
251 2682 350 2753 modo
369 2682 512 2752 colorem
532 2680 627 2752 illum
641 2709 733 2776 purae
752 2683 948 2752 sinceritatis
965 2682 1147 2767 referente,
1163 2706 1232 2750 non

164 2798 304 2868 omnino
316 2813 427 2866 tamen
448 2798 697 2893 dedignandum
712 2811 777 2885 est;
796 2821 857 2866 nec
877 2796 961 2866 illud
979 2811 1028 2865 est
1048 2820 1232 2891 superque

164 2912 370 2980 severissime
389 2910 506 2979 debeat
523 2926 638 2980 auctor
654 2935 716 3004 pro
730 2909 1045 3004 temporejndicari.

213 3028 439 3123 Interroganti
462 3026 727 3122 Agamemnoni:

264 3186 329 3254 Que
343 3192 413 3259 pent
427 3178 562 3238 craindre
575 3199 614 3238 un
629 3197 789 3256 monarque
801 3197 839 3236 au
852 3177 913 3236 sein
927 3176 964 3236 de
980 3196 1025 3236 ses
1040 3177 1135 3236 etate?

264 3283 328 3351 Que
343 3289 414 3355 peut
427 3275 561 3335 eraindre
574 3297 615 3335 un
630 3276 816 3352 vainqueur?

213 3420 399 3490 Cassandra
416 3417 595 3513 respondet
613 3445 620 3486 :

614 3571 619 3580 ·
668 3553 745 3607 Tout
758 3567 792 3606 ce
807 3547 879 3626 qrr’il
896 3567 933 3605 ne
947 3548 1041 3606 craint
1054 3567 1106 3626 pas
1117 3549 1171 3629 (a).

262 3649 339 3721 Oui,
353 3649 423 3706 c'est
438 3647 512 3706 dans
527 3666 574 3706 ces
589 3645 787 3705 moments'de
804 3645 900 3724 pleine
913 3645 1080 3716 confiance,

200 3848 239 3915 (r)
258 3851 339 3913 anm
349 3849 442 3898 acilicet
451 3847 566 3897 assideret
580 3847 643 3895 inter
656 3857 795 3912 spectantes
806 3848 860 3912 ipse
874 3847 1005 3903 Racinina,
1015 3862 1061 3894 nec
1076 3861 1089 3894 a
1104 3815 1231 3910 plausibile

163 3938 307 3998 abstineret,
327 3936 409 4002 gandii
421 3935 502 4002 impos
516 3941 595 3998 Boyer
606 3936 727 3983 convertit
739 3951 791 3983 aeae
803 3934 835 3982 ad
848 3951 920 3997 enm,
939 3935 1077 3984 exclamans
1090 3933 1139 3982 alta
1149 3948 1211 3982 rore
1223 3933 1230 3968 ἴ

165 4025 220 4077 Allo
231 4039 266 4075 esc
272 4037 393 4091 potarem
402 4025 433 4074 de
447 4027 533 4088 Boyer,
545 4027 616 4072 Mons
630 4024 743 4072 Recine!

200 4114 238 4178 (a)
252 4117 296 4164 Va.
308 4129 371 4178 799:
385 4115 545 4165 «ao-Victor
555 4114 639 4160 timere
648 4111 709 4176 qnid
719 4115 818 4178 potest?
832 4127 895 4161 cass.
906 4111 979 4175 Quod
994 4125 1045 4159 nnn
1059 4112 1158 4158 timet.»

1047 4195 1108 4280 ap
1150 4205 1156 4213 ·
